2796 4282
495 282 611 338 LIBER
637 281 806 337 TERTIUS

182 465 376 547 Adgnosco,
396 463 590 546 Scaeaeque
607 463 791 545 amplector
807 461 920 524 limina
937 471 1060 543 portae.

183 570 337 632 Necnon
356 578 389 632 et
406 568 528 632 Teucri
546 567 634 632 socia
652 567 747 630 simul
765 566 846 629 urbe
863 566 1028 629 fruuntur.

183 674 260 736 Illos
277 672 461 755 porticibus
478 692 533 735 rex
551 671 734 753 accipiebat
750 673 783 734 in
800 670 937 752 amplis;

180 777 281 840 Aulai
298 775 409 839 medio
425 776 575 840 libabant
592 776 711 857 pocula
730 774 863 850 Bacchi,

98 907 142 960 355
182 881 353 963 Impositis
371 902 452 944 auro
470 880 621 962 dapibus,
640 889 839 961 paterasque
855 879 1023 942 tenebant.

224 986 365 1068 lamque
382 986 453 1048 dies
471 985 619 1066 alterque
635 984 706 1047 dies
724 982 894 1065 processit,
912 992 945 1045 et
962 1003 1061 1046 aurae

179 1091 263 1154 Vela
280 1099 402 1154 vocant
418 1089 612 1171 tumidoque
628 1088 761 1150 inflatur
778 1088 936 1151 carbasus
952 1097 1082 1161 austro;

181 1195 245 1256 His
261 1204 374 1257 vatem
392 1193 570 1275 aggredior
586 1193 682 1256 dictis
699 1213 738 1255 ac
754 1191 833 1254 talia
849 1211 992 1273 quaeso:
1109 1271 1113 1279 Ι

181 1305 198 1329 “
209 1298 412 1379 Troiugena,
431 1297 595 1379 interpres
611 1297 733 1373 divum,
752 1295 808 1378 qui
824 1295 960 1358 numina
978 1294 1111 1370 Phoebi,

93 1416 138 1480 360
180 1403 246 1484 Qui
263 1401 424 1484 tripodas,
446 1401 546 1466 Clarii
563 1401 684 1476 lauruS,
702 1400 758 1482 qui
775 1399 884 1464 sidera
901 1399 1003 1463 sentis

180 1508 225 1570 Et
240 1507 413 1569 volucrum
431 1505 563 1587 linguas
579 1515 612 1568 et
629 1504 796 1586 praepetis
813 1505 923 1567 omina
940 1523 1081 1584 pennae,

180 1611 267 1673 Fare
298 1629 570 1691 age-namque
601 1628 733 1671 omnem
764 1628 898 1671 cursum
930 1606 1010 1670 mihi
1041 1626 1200 1688 prospera

267 1713 349 1777 dixit

182 1818 325 1901 Religio,
343 1828 376 1881 et
392 1819 504 1880 cuncti
521 1826 696 1880 suaserunt
712 1815 847 1879 numine
864 1816 930 1878 divi

181 1922 314 1985 ltaliam
333 1931 447 2003 petere
463 1930 496 1984 et
512 1931 618 1984 terras
634 1930 798 2001 temptare
815 1929 983 2002 repostas;

95 2039 138 2104 3⁶5
182 2027 260 2090 Sola
277 2045 400 2089 novum
418 2025 574 2110 dictuque
592 2025 688 2087 nefas
707 2025 860 2108 Harpyia
876 2023 1022 2088 Celaeno

182 2130 372 2211 Prodigium
391 2131 488 2204 canit,
506 2138 539 2191 et
556 2129 668 2191 tristes
683 2128 857 2191 denuntiat
873 2127 947 2202 iras¹

180 2234 440 2316 Obscenamque
457 2233 580 2295 famem
591 2253 729 2314 -quae
746 2232 852 2314 prima
870 2232 1015 2315 pericula
1031 2231 1119 2294 vito?

180 2338 314 2420 Quidve
331 2357 475 2419 sequens
491 2346 603 2399 tantos
619 2336 742 2417 possim
761 2356 918 2419 superare
936 2335 1113 2400 labores?’'

226 2441 293 2504 Hic
313 2442 475 2516 Helenus,
493 2441 600 2504 caesis
617 2442 759 2522 primum
777 2440 818 2503 de
835 2460 926 2503 more
943 2439 1099 2513 iuvencis

95 2574 139 2624 370
181 2548 308 2609 Exorat
325 2565 442 2626 pacem
459 2545 582 2620 divum,
600 2545 765 2626 vittasque
782 2544 916 2608 resolvit

180 2650 311 2715 Sacrati
328 2648 455 2730 capitis,
473 2668 592 2731 meque
609 2649 650 2710 ad
667 2658 724 2710 tua
741 2649 862 2723 limina,
882 2648 1023 2722 Phoebe,

182 2755 260 2836 Ipse
278 2773 379 2816 manu
398 2754 501 2815 multo
518 2773 718 2834 suspensum
735 2753 871 2816 numine
888 2752 986 2826 ducit,

181 2859 295 2941 Atque
313 2858 396 2920 haec
413 2856 534 2919 deinde
551 2857 640 2919 canit
657 2857 769 2919 divino
785 2878 824 2920 ex
841 2877 897 2920 ore
914 2857 1088 2920 sacerdos:

225 2962 343 3025 “Nate
360 2962 431 3037 dea,
443 2982 573 3023 -nam
590 2971 623 3024 te
640 2961 819 3024 maioribus
836 2961 882 3024 ire
899 2982 958 3043 per
974 2962 1077 3024 altum

94 3096 120 3146 37
126 3094 138 3146 5
180 3065 352 3148 Auspiciis
371 3064 548 3128 manifesta
566 3066 666 3129 fides:
692 3065 737 3128 sic
754 3067 824 3128 lata
841 3066 939 3128 deum
957 3085 1012 3128 rex

180 3172 333 3245 Sortitur,
351 3169 518 3252 volvitque
535 3170 643 3245 vices,
668 3171 695 3232 is
711 3170 849 3234 vertitur
865 3170 1000 3234 ordo-

181 3276 292 3338 Pauca
309 3274 368 3336 tibi
385 3294 402 3337 e
420 3274 542 3349 multis,
560 3296 625 3356 quo
641 3274 742 3338 tutior
759 3274 891 3356 hospita
908 3275 1028 3336 lustres

180 3380 341 3461 Aequora
358 3389 391 3442 et
407 3379 560 3442 Ausonio
578 3379 686 3460 possis
704 3379 875 3442 considere
893 3389 999 3460 portu,

180 3482 367 3564 Expediam
385 3483 499 3558 dictis;
525 3483 702 3564 prohibent
718 3504 794 3547 nam
812 3494 921 3546 cetera
939 3483 1060 3545 Parcae

95 3602 138 3667 380
180 3588 274 3653 Scire
294 3587 463 3650 Helenum
479 3587 609 3670 farique
626 3598 716 3651 vetat
733 3588 888 3652 Saturnia
906 3587 1000 3650 luno.

173 3690 349 3773 ‚Principio
368 3691 506 3768 Italiam,
525 3713 623 3775 quam
641 3701 676 3755 tu
693 3693 756 3754 iam
775 3712 846 3754 rere
864 3693 1084 3774 propinquam

181 3796 396 3877 Vicinosque,
413 3795 537 3878 ignare,
556 3817 654 3878 paras
670 3795 826 3858 invadere
844 3805 968 3876 portus,
