2796 4282
503 309 619 360 ursan
645 308 829 376 Quanrus

199 489 263 553 Hic
278 490 426 572 primum
444 488 580 571 paribus
596 487 705 552 nitens
723 489 892 573 Cyllcnius
909 491 970 553 alis

198 595 371 670 Constitit;
398 592 477 656 hinc
495 601 564 655 toto
581 612 743 674 praeceps
760 613 796 656 se
812 614 950 676 corpore
968 595 1010 658 ad
1027 595 1133 660 undas

199 697 297 775 Misit,
316 698 371 760 avi
387 696 513 771 similis,
531 716 616 778 quae
632 696 757 760 circum
775 697 878 773 litora,
896 698 1019 762 circum

120 827 160 880 255
198 803 350 865 Piscosos
367 801 525 882 scopulos
542 800 674 863 humilis
690 802 780 864 volat
797 821 943 884 aequora
959 803 1057 866 iuxta.

198 906 299 968 Haud
315 906 412 969 aliter
428 914 534 968 terras
550 907 636 968 inter
651 907 846 988 caelumque
862 907 997 970 volabat

197 1011 291 1073 Litus
308 1011 511 1073 harenosum
529 1011 570 1072 ad
589 1010 725 1094 Libyae,
742 1019 926 1093 ventosque
944 1012 1078 1076 secabat

197 1117 353 1178 Materno
369 1115 509 1178 veniens
526 1114 568 1176 ab
584 1135 646 1177 avo
664 1115 816 1199 Cyllenia
833 1117 951 1196 proles.

239 1221 288 1284 Ut
305 1219 452 1301 primum
469 1219 565 1282 alatis
582 1218 691 1300 tetigit
708 1219 850 1300 magalia
867 1220 999 1301 plantis

114 1337 156 1386 260
195 1324 338 1387 Aenean
354 1323 555 1386 fundantem
572 1343 665 1386 arces
681 1343 719 1386 ac
736 1332 824 1386 tecta
839 1334 1019 1388 novantem

196 1427 388 1510 Conspicit;
414 1437 514 1509 atque
530 1427 577 1490 illi
593 1428 745 1490 stellatus
761 1427 888 1509 iaspide
906 1428 998 1490 fulva

197 1533 295 1594 Ensis
312 1543 394 1607 erat,
412 1532 581 1616 Tyrioque
597 1531 735 1594 ardebat
752 1533 875 1595 murice
892 1534 988 1596 laena

198 1637 354 1700 Demissa
370 1619 559 1712 enumeris,
577 1635 669 1699 dives
687 1656 773 1718 quae
789 1657 927 1698 munera
945 1637 1034 1700 Dido

197 1742 338 1805 Fecerat
354 1751 388 1806 et
405 1742 497 1804 tenui
513 1741 597 1804 telas
614 1741 815 1804 discreverat
831 1761 919 1803 auro.

94 1859 154 1924 ‚265
197 1845 365 1908 Continuo
383 1845 527 1907 invadit:
554 1845 635 1906 “Tu
652 1865 741 1908 nunc
758 1844 978 1926 Karthaginis
994 1846 1082 1910 altae

198 1951 433 2013 Fundamenta
449 1951 548 2024 locas,
567 1950 806 2032 pulchramque
824 1950 957 2013 uxorius
974 1951 1089 2012 urbem

197 2055 374 2117 Exstruis?
399 2055 464 2116 heu
481 2053 576 2135 regni
592 2074 767 2135 rerumque
784 2053 885 2116 oblite
902 2055 1052 2117 tuarum!

197 2160 276 2241 Ipse
292 2159 393 2222 deum
410 2157 471 2221 tibi
487 2179 540 2221 me
556 2158 645 2221 claro
662 2157 805 2220 demittit
822 2158 970 2241 Olympo

198 2264 380 2344 Regnator,
398 2263 527 2326 caelum
544 2272 578 2325 et
592 2273 698 2325 terras
715 2262 771 2343 qui
786 2263 923 2324 numine
938 2271 1089 2344 torquet;

111 2395 155 2443 270
199 2369 279 2449 lpse
295 2368 379 2430 haec
396 2367 483 2430 ferre
499 2366 591 2430 iubet
607 2368 732 2429 celeres
749 2367 906 2428 mandata
923 2386 982 2447 per
999 2385 1114 2430 auras:

197 2473 288 2555 Quid
305 2475 414 2549 struis,
432 2482 490 2536 aut
506 2493 571 2555 qua
587 2494 647 2555 spe
665 2473 800 2558 Libycis
815 2474 894 2537 teris
911 2475 978 2537 otia
994 2475 1112 2538 terris?

198 2577 236 2641 Si
250 2588 284 2641 te
301 2577 394 2640 nulla
409 2586 521 2640 movet
537 2586 704 2640 tantarum
722 2578 828 2658 gloria
844 2599 952 2640 rerum

199 2683 273 2745 Nec
289 2691 390 2763 super
405 2681 478 2763 ipse
493 2691 551 2744 tua
567 2681 692 2743 moliris
709 2682 807 2745 laude
823 2681 979 2758 laborem,

198 2787 383 2849 Ascanium
400 2795 593 2867 surgentem
609 2796 643 2848 et
659 2806 737 2867 spes
753 2786 884 2849 heredis
903 2787 966 2848 Iuli

108 2918 154 2971 275
200 2891 353 2972 Respice,
371 2890 424 2954 cui
440 2909 578 2970 regnum
599 2891 716 2952 ltaliae
734 2890 954 2971 Romanaque
971 2891 1069 2953 tellus

171 2993 406 3058 ‘Debentur.''
453 2994 528 3056 Tali
545 2994 716 3079 Cyllenius
732 3013 788 3057 ore
805 2994 934 3056 locutus
1136 2985 1140 2994 '

199 3100 361 3162 Mortales
377 3098 468 3161 visus
484 3097 593 3161 medio
610 3118 762 3161 sermone
778 3097 918 3179 reliquit,

200 3204 243 3266 Et
260 3203 377 3284 procul
393 3203 425 3266 in
442 3212 576 3265 tenuem
593 3223 634 3266 ex
650 3202 754 3266 oculis
770 3203 905 3266 evanuit
920 3222 1043 3265 auram.

243 3307 291 3370 At
306 3327 385 3370 vero
402 3308 539 3370 Aeneas
555 3316 693 3389 aspectu
710 3306 875 3369 obmutuit
891 3327 1015 3383 amens,

109 3427 156 3476 280
199 3413 430 3494 Arrectaeque
446 3412 581 3475 horrore
598 3431 722 3488 comae,
739 3421 774 3474 et
790 3431 854 3474 vox
870 3411 1023 3474 faucibus
1040 3411 1157 3474 haesit.

198 3516 309 3579 Ardet
324 3517 415 3580 abire
431 3517 514 3598 luga
530 3516 711 3598 dulcesque
728 3517 913 3597 relinquere
929 3525 1044 3592 terras

199 3620 375 3684 Attonitus
391 3630 485 3684 tanto
503 3621 629 3684 monitu
645 3620 851 3702 imperioque
868 3620 1014 3682 deorum.

200 3725 279 3789 Heu
296 3725 374 3808 quid
391 3726 492 3819 agat?
516 3746 581 3808 quo
597 3746 687 3788 nunc
703 3726 853 3806 reginam
871 3724 995 3788 ambire
1013 3725 1177 3787 furentem

198 3830 336 3894 Audeat
351 3829 491 3894 adfatu?
515 3850 600 3912 quae
617 3830 723 3910 prima
739 3828 872 3892 exordia
889 3829 1020 3890 sumat?
