2822 4294
470 331 584 383 LIBER
609 333 815 388 SECUNDUS

90 539 134 574 120
174 511 375 594 Obstipuere
392 511 507 587 animi,
526 511 722 594 gelidusque
740 533 798 594 per
814 525 881 577 ima
898 515 1042 579 cucurrit

174 617 258 680 Ossa
274 626 410 692 tremor,
429 615 484 678 cui
500 615 570 677 iata
585 627 714 697 parent,
728 638 827 700 quem
845 629 961 700 poscat
978 621 1109 702 Apolli).

174 721 237 784 Hic
255 721 395 783 Ithacus
412 727 524 782 vatem
541 727 665 802 magno
683 722 868 786 Calchanta
884 725 1027 788 tumultu

174 825 337 887 Protrahit
353 826 388 886 in
407 823 552 901 medios3
578 845 663 906 quae
680 825 745 889 sint
761 846 801 889 ea
818 829 955 890 numina
971 829 1092 906 divum,

172 930 326 1012 Flagitat.
377 930 421 992 Et
439 929 519 991 mihi
536 930 599 991 iam
617 931 712 992 multi
728 933 861 995 crudele
879 933 1043 996 canebant

88 1061 130 1112 125
172 1035 320 1098 Artificis
337 1036 456 1110 sceluS,
475 1043 507 1096 et
524 1037 615 1097 taciti
632 1044 772 1099 ventura
787 1038 953 1101 videbant.

215 1141 304 1202 “Bis
320 1147 441 1222 quintis
458 1139 532 1200 silet
547 1139 600 1202 ille
619 1139 698 1215 dies,
716 1149 890 1224 tectusque
908 1149 1038 1205 recusat

173 1244 315 1306 Prodere
330 1252 413 1306 voce
431 1250 490 1305 sua
507 1265 708 1327 quemquam
727 1255 782 1308 aut
800 1253 969 1327 opponere
988 1258 1091 1310 morti.

171 1349 236 1412 Vix
252 1348 398 1424 tandem,
416 1356 546 1430 magnis
567 1349 674 1412 Ithaci
692 1348 890 1412 clamoribus
906 1357 1010 1426 actus

172 1452 367 1534 Composito
383 1453 508 1534 rumpit
525 1460 651 1530 vocem,
667 1463 700 1516 et
712 1461 765 1516 me
781 1454 924 1517 destinat
941 1461 1025 1518 arae.

86 1583 129 1632 130
172 1556 364 1619 Adsensere
381 1565 506 1632 omnes,
525 1567 567 1633 et,
585 1578 670 1640 quae
688 1558 750 1621 sibi
765 1558 904 1640 quisque
921 1559 1066 1634 timebat,

173 1645 282 1724 Unius
298 1661 331 1722 in
348 1661 460 1724 miseri
476 1661 610 1724 exitium
628 1683 788 1725 conversa
805 1663 917 1726 tulere.

174 1766 311 1846 Iamque
329 1765 399 1827 dies
415 1765 556 1828 infanda
574 1766 706 1841 aderat3
732 1767 812 1829 mihi
829 1787 922 1830 sacra
940 1775 1057 1849 parari,

173 1869 217 1963 lit
233 1871 341 1932 salsae
358 1870 484 1950 fruges,
502 1877 535 1932 et
551 1870 675 1933 circum
691 1880 843 1963 tempora
859 1871 968 1962 vittae.

173 1974 298 2054 Eripui,
316 1974 434 2048 fateor,
453 1974 519 2036 leto
536 1994 596 2050 me,
616 1984 649 2037 et
665 1976 797 2037 vincula
814 1982 896 2056 rupi,

89 2103 130 2154 ¹35
174 2077 374 2160 Limosoque
391 2079 465 2140 lacu
483 2099 542 2159 per
560 2089 689 2141 noctem
708 2080 868 2142 obscurus
884 2079 917 2142 in
935 2080 1010 2142 ulva

174 2181 307 2258 Delitui
326 2182 404 2243 dum
421 2183 495 2245 vela
513 2183 639 2259 darent,
659 2193 686 2246 si
702 2183 788 2246 forte
805 2184 983 2246 dedissent.

173 2287 245 2350 Nec
263 2286 343 2349 mihi
359 2287 425 2348 iam
443 2287 584 2369 patriam
602 2297 771 2370 antiquam
790 2295 866 2370 spes
883 2289 948 2350 ulla
966 2289 1107 2362 videndi,

173 2392 245 2454 Nec
263 2391 377 2454 dulces
392 2397 489 2453 natos
506 2399 765 2475 exoptatumque
783 2403 954 2473 parentem
970 2415 976 2468 ;

170 2495 266 2577 Quos
282 2495 329 2556 illi
345 2495 414 2558 iors
431 2504 465 2556 et
481 2502 606 2576 poenas
624 2496 666 2558 ob
683 2505 796 2558 nostra
813 2507 989 2577 reposcent

89 2626 131 2672 140
173 2599 319 2679 Effugia,
337 2608 371 2662 et
387 2599 520 2681 culpam
537 2600 624 2663 hanc
640 2600 834 2662 miserorum
852 2611 956 2662 morte
974 2602 1121 2682 piabunt.

170 2703 270 2785 Quod
288 2711 321 2765 te
339 2724 398 2785 per
415 2711 552 2785 superos
569 2712 603 2766 et
619 2704 752 2767 conscia
768 2705 905 2766 numina
922 2712 997 2779 veri,

172 2808 242 2882 Per,
261 2817 289 2870 si
305 2817 446 2889 quaest,
464 2829 550 2889 quae
567 2818 669 2870 restet
687 2810 796 2871 adhuc
816 2809 1010 2871 mortalibus
1027 2817 1165 2890 usquam

173 2913 376 2974 Intemerata
392 2912 482 2987 fides,
500 2920 567 2988 oro,
586 2914 740 2975 miserere
757 2913 906 2975 laborum

170 3017 364 3092 Tantorum,
383 3016 538 3079 miserere
557 3017 659 3078 animi
675 3025 741 3079 non
759 3017 860 3098 digna
877 3017 1045 3080 ferentis”

89 3148 130 3200 ¹45
218 3121 281 3182 His
298 3120 442 3184 lacrimis
459 3131 561 3184 vitam
580 3121 706 3198 damus,
725 3131 758 3184 et
776 3120 1017 3184 miserescimus
1034 3124 1127 3184 ultro.

171 3227 252 3306 Ipse
268 3226 338 3287 viro
356 3235 481 3306 primus
499 3227 646 3288 manicas
664 3237 763 3308 atquc
783 3236 854 3288 arta
871 3226 973 3288 levari

168 3329 290 3393 Vincla
307 3329 397 3393 iubet
417 3330 574 3407 Priamus,
594 3329 757 3412 dictisque
774 3329 819 3393 ita
836 3331 926 3393 fatur
941 3340 1076 3393 amicis:

171 3433 365 3516 “Quisquis
382 3455 426 3509 es,
444 3435 584 3498 amissos
601 3435 677 3499 hinc
695 3435 758 3497 iam
777 3435 971 3498 obliviscere
989 3435 1114 3497 Graios.

172 3539 295 3602 Noster
311 3539 385 3614 eris,
403 3539 549 3621 mihique
566 3540 649 3602 haec
666 3541 810 3602 edissere
827 3547 905 3601 vera
922 3547 1072 3618 roganti:

92 3672 130 3724 150
169 3644 247 3726 Quo
264 3643 384 3706 molem
399 3644 484 3705 hanc
501 3645 655 3706 immanis
672 3653 748 3725 equi
764 3644 933 3705 statuere?
957 3643 1030 3724 quis
1051 3643 1189 3704 auctor?

168 3746 301 3830 Quidve
342 3748 482 3828 petunt?
528 3767 613 3828 quae
655 3747 778 3829 religio,
819 3756 876 3809 aut
913 3765 998 3829 quae
1037 3745 1191 3807 machina

256 3850 384 3914 belli?''
