2796 4282
200 299 244 362 94
558 293 716 345 VERGlLl
743 292 940 346 AENEIDOS

291 471 428 553 Impulit
443 481 477 534 et
492 481 624 534 teneras
640 471 785 534 turbavit
799 473 898 534 ianua
914 471 1060 548 frondes,

202 601 249 653 45ο
292 576 484 658 Numquam
502 575 622 639 deinde
638 595 719 638 cavo
736 576 907 638 volitantia
923 576 1088 658 prendere
1103 596 1196 652 sax0,

292 679 322 743 N
327 700 364 742 ec
381 699 535 742 revocare
553 679 634 743 situs
651 689 708 742 aut
723 681 862 761 iungere
878 680 1024 743 carmina
1040 681 1154 744 curat:

291 783 475 848 Inconsulti
492 783 625 859 abeunt,
643 784 822 866 sedemque
839 785 939 848 odere
956 784 1112 868 Sibyllae.

292 889 357 952 Hic
373 888 432 950 tibi
449 908 491 951 ne
508 908 574 970 qua
590 908 703 951 morae
720 889 844 950 luerint
860 888 1035 970 dispendia
1049 890 1145 964 tanti,

291 993 453 1075 Quamvis
469 992 668 1084 increpitent
685 992 774 1068 socii,
791 1003 825 1055 et
841 992 874 1054 vi
889 1013 1005 1055 cursus
1020 994 1054 1055 in
1071 993 1176 1056 altum

201 1122 247 1174 455
289 1097 374 1161 Vela
390 1105 485 1159 vocet
502 1098 677 1179 possisque
694 1096 785 1159 sinus
801 1097 938 1179 implere
956 1097 1130 1171 secundos,

291 1201 379 1283 Quin
397 1201 497 1264 adeas
514 1211 624 1263 vatem
643 1201 864 1284 precibusque
879 1202 1013 1264 oracula
1029 1221 1150 1283 poscas

291 1306 371 1387 Ipsa
387 1315 494 1380 canat,
512 1325 696 1388 vocemque
712 1305 827 1368 volens
844 1316 943 1389 atque
959 1326 1017 1369 ora
1033 1305 1186 1369 resolvat.

290 1409 353 1472 Illa
369 1409 429 1472 tibi
447 1409 562 1473 Italiae
580 1411 722 1492 populos
739 1419 945 1492 venturaque
960 1410 1056 1486 bella,

290 1514 334 1576 Et
351 1534 415 1596 quo
433 1534 597 1596 quemque
614 1514 712 1577 modo
728 1514 906 1596 fugiasque
922 1514 1078 1596 ferasque
1094 1513 1249 1588 laborem,

200 1631 247 1690 460
291 1617 464 1700 Expediet,
483 1637 665 1700 cursusque
682 1617 774 1680 dabit
789 1627 946 1681 venerata
962 1618 1136 1681 secundos.

290 1723 386 1784 Haec
403 1731 489 1798 sunt,
507 1742 592 1803 quae
610 1731 722 1784 nostra
738 1721 835 1785 liceat
850 1731 884 1785 te
900 1742 981 1786 voce
999 1724 1132 1785 moneri.

288 1826 383 1889 Vade
400 1845 471 1906 age,
489 1835 523 1888 et
538 1827 708 1907 ingentem
725 1826 823 1890 factis
839 1827 890 1890 fer
906 1827 948 1889 ad
965 1827 1100 1889 aethera
1117 1827 1278 1889 Troiam.'’

234 1956 246 1976 ·
333 1930 429 2012 Quae
447 1941 622 2012 postquam
640 1939 733 1993 vates
750 1932 796 1993 sic
813 1951 869 1994 ore
885 1931 1008 1994 effatus
1024 1930 1129 1993 amico
1146 1940 1207 2004 est,

291 2035 389 2096 Dona
405 2034 524 2096 dehinc
541 2055 624 2098 auro·
638 2037 752 2115 gravia
769 2044 924 2117 sectoque
941 2035 1119 2116 elephanto

200 2150 246 2215 465
290 2139 439 2219 Imperat
455 2139 496 2200 ad
514 2158 615 2201 naves
633 2138 720 2214 ferri,
739 2139 906 2222 stipatque
923 2140 1043 2202 carinis

290 2242 415 2322 Ingens
432 2252 617 2323 argentum,
639 2243 907 2325 Dodonaeosque
924 2243 1059 2319 lebetas,

290 2345 443 2408 Loricam
460 2355 647 2409 consertam
665 2347 771 2410 hamis
788 2367 934 2429 auroque
951 2347 1099 2425 trilicem,

289 2449 333 2511 Et
349 2470 469 2513 conum
487 2449 627 2531 insignis
643 2450 759 2532 galeae
776 2451 958 2534 cristasque
975 2461 1155 2527 comantes,

288 2553 394 2616 Arma
412 2554 634 2635 Neoptolemi.
683 2555 769 2619 Sunt
785 2564 818 2618 et
834 2575 894 2618 sua
911 2554 998 2618 dona
1015 2555 1153 2637 parenti.

200 2684 247 2729 470
288 2657 395 2720 Addit
411 2677 523 2740 equos,
542 2658 700 2741 additque
717 2659 836 2736 duces;

291 2761 480 2843 Remigium
498 2763 649 2844 supplet;
676 2763 783 2827 socios
800 2765 898 2827 simul
909 2763 1043 2828 instruit
1057 2765 1165 2827 armis.

333 2866 466 2929 Interea
483 2867 624 2929 classem
642 2868 724 2930 velis
741 2878 856 2951 aptare
873 2869 1008 2933 iubebat

289 2968 466 3046 Anchises
485 2971 578 3033 fieret
593 2981 693 3034 vento
710 2992 802 3035 mora
819 2994 860 3037 ne
877 2994 943 3055 qua
959 2973 1088 3037 ferenti.

290 3072 398 3154 Quem
417 3073 541 3136 Phoebi
558 3076 722 3157 interpres
739 3078 843 3140 multo
860 3078 1037 3161 compellat
1054 3079 1198 3141 honore:

140 3221 143 3227 -
200 3202 246 3254 475
290 3181 307 3208 “
319 3177 491 3259 Coniugi0,
511 3179 670 3255 Anchise,
691 3181 831 3243 Veneris
847 3181 982 3264 dignate
999 3182 1151 3263 superbe,

290 3281 378 3345 Cura
394 3282 502 3358 deum,
519 3282 570 3345 bis
589 3284 781 3365 Pergameis
797 3295 911 3367 erepte
928 3286 1039 3361 ruinis,

291 3386 378 3448 Ecce
394 3385 453 3448 tibi
470 3386 642 3449 Ausoniae
659 3388 776 3464 tellus;
802 3389 887 3452 hanc
904 3391 1012 3473 arripe
1031 3390 1121 3453 velis.

292 3489 335 3552 Et
351 3500 463 3552 tamen
480 3491 565 3554 hanc
584 3492 704 3572 pelago
722 3493 968 3573 praeterlabare
984 3515 1121 3558 necesse
1137 3504 1188 3557 est
1198 3515 1205 3570 ;

290 3591 463 3656 Ausoniae
480 3614 556 3675 pars
572 3594 628 3657 illa
644 3596 769 3676 procul,
788 3616 887 3677 quam
905 3598 1022 3678 pandit
1038 3598 1172 3680 Apollo

203 3708 250 3768 480
291 3695 418 3770 Vade,”
437 3695 491 3769 ait,
511 3701 559 3757 “o
575 3698 654 3759 felix
671 3700 741 3761 nati
756 3700 889 3781 pietate.
937 3702 1027 3784 Quid
1043 3703 1129 3766 ultra

292 3797 461 3862 Provehor
476 3806 509 3858 et
525 3799 627 3862 lando
644 3813 820 3886 surgentes
836 3803 989 3873 demoror
1004 3805 1157 3874 austros?
1170 3806 1189 3896 ’ἶ
