2796 4282
551 269 709 322 VERGlLl
737 268 936 321 AENEIDOS

327 449 431 513 Fama
447 448 537 511 volat
553 449 684 530 pulsum
702 447 814 528 regnis
831 448 971 510 cessisse
988 448 1138 528 paternis

284 554 464 617 Idomenea
480 553 609 627 ducem,
627 552 824 634 desertaque
841 551 936 614 litora
953 551 1082 627 Cretae,

284 658 392 721 Hoste
409 677 527 720 vacare
544 657 669 731 domos,
688 656 851 737 sedesque
867 654 1000 718 adstare
1016 655 1158 719 relictas

285 761 482 843 Linquimus
498 760 661 845 Ortygiae
678 770 803 842 portuS,
822 760 1009 842 pelagoque
1024 761 1186 835 volamus

197 894 241 945 125
284 867 554 947 Bacchatamque
570 864 656 946 iugis
674 866 794 927 Naxon
810 863 1015 946 viridemque
1033 865 1215 940 Donusam,

283 971 438 1045 Olearon,
456 971 653 1051 niveamque
672 969 778 1031 Paron
795 988 995 1050 sparsasque
1011 989 1072 1050 per
1088 989 1210 1052 aequor

283 1074 448 1158 Cycladas
464 1084 497 1138 et
513 1073 637 1136 crebris
654 1073 796 1154 legimus
812 1072 900 1136 freta
915 1072 1046 1137 concita
1061 1074 1167 1136 terris.

285 1178 447 1240 Nauticus
463 1179 608 1241 exoritur
622 1177 714 1240 vario
730 1177 912 1240 certamine
928 1177 1070 1255 clamor;

285 1284 471 1345 Hortantur
488 1281 576 1357 socii,
595 1283 729 1345 Cretam
747 1302 955 1365 proavosque
971 1291 1134 1364 petamus.

198 1414 243 1466 130
286 1386 498 1469 Prosequitur
515 1405 656 1468 surgens
672 1406 692 1447 a
709 1386 815 1468 puppi
830 1395 949 1449 ventus
965 1397 1092 1462 euntes,

285 1492 329 1554 Et
344 1491 480 1553 tandem
497 1490 642 1573 antiquis
659 1491 818 1554 Curetum
834 1489 1021 1553 adlabimur
1036 1490 1111 1554 oris.

286 1596 376 1676 Ergo
392 1578 508 1658 avidus
525 1615 636 1658 muros
653 1604 788 1674 optatae
805 1594 922 1658 molior
937 1594 1036 1669 urbis,

285 1700 568 1781 Pergameamque
584 1719 676 1774 voco,
695 1709 731 1762 et·
745 1698 866 1762 laetam
884 1699 1083 1780 cognomine
1100 1710 1233 1780 gentem

286 1803 413 1867 Hortor
428 1823 539 1866 amare
556 1804 649 1867 locos
667 1823 843 1885 arcemque
859 1803 1009 1867 attollere
1025 1803 1131 1866 tectis.

199 1933 244 1986 135
331 1908 470 1990 Iamque
486 1908 557 1971 fere
573 1909 661 1970 sicco
678 1906 861 1970 subductae
878 1907 972 1970 litore
989 1927 1140 1989 puppes;

286 2011 445 2076 Conubiis
462 2012 615 2094 arvisque
631 2011 726 2074 novis
743 2022 880 2094 operata
896 2013 1060 2088 iuventus

288 2117 366 2178 Iura
382 2116 564 2198 domosque
581 2115 722 2178 dabam:
747 2116 856 2179 subito
872 2137 947 2179 curn
959 2116 1073 2179 tabida
1089 2117 1254 2190 membris,

287 2221 452 2302 Corrupto
469 2220 551 2282 caeli
567 2229 685 2295 tractu,
702 2220 958 2302 miserandaque
973 2220 1064 2284 venit

287 2323 539 2406 Arboribusque
556 2326 702 2407 satisque
718 2325 789 2388 lues
806 2334 839 2387 et
855 2324 965 2387 letiler
980 2346 1098 2388 annus.

202 2455 246 2502 140
289 2427 502 2510 Linquebant
519 2429 633 2492 dulces
650 2431 787 2505 animas,
805 2438 862 2492 aut
879 2449 979 2510 aegra
994 2430 1172 2492 trahebant

287 2532 455 2614 Corpora;
480 2543 550 2596 tum
568 2533 697 2596 steriles
713 2554 849 2597 exurere
867 2533 976 2598 Sirius.
989 2554 1104 2615 agros;

287 2637 440 2700 Arebant
456 2621 595 2713 herbae,
606 2647 639 2700 et
655 2637 778 2701 victum
796 2658 892 2719 seges
909 2658 1010 2719 aegra
1026 2638 1180 2718 negabat.

289 2742 418 2804 Rursus
435 2741 478 2804 ad
494 2742 640 2805 oraclum
659 2742 822 2827 Ortygiae
840 2743 1076 2824 Phoebumque
1092 2761 1245 2805 remenso

290 2830 564 2927 Hortatur'pater
579 2847 626 2909 ire
643 2847 734 2923 mari,
751 2846 951 2929 veniamque
967 2846 1104 2929 precari,

156 2971 157 2974 ¹
203 2976 247 3028 145
289 2950 399 3032 Quam
416 2951 515 3013 fessis
532 2951 631 3013 finem
652 2950 750 3014 rebus
767 2951 871 3028 ferat;
896 2951 986 3014 unde
1002 2950 1151 3013 laborum

289 3055 468 3137 Temptare
485 3055 639 3117 auxilium
657 3054 769 3118 iubeat
779 3077 786 3132 ;
812 3075 877 3138 quo
892 3065 1021 3118 vertere
1037 3075 1162 3118 cursus,

334 3159 410 3221 Nox
425 3167 505 3234 erat,
523 3167 556 3222 et
570 3158 667 3222 terris
684 3158 839 3221 animalia
856 3179 992 3222 somnus
1009 3156 1173 3221 habebat:

293 3261 429 3343 Effigies
446 3282 559 3326 sacrae
576 3263 688 3326 divum
708 3263 910 3347 Phrygiique
929 3263 1079 3338 Penates

292 3365 385 3448 Quos
401 3386 531 3430 mecum
549 3388 568 3430 a
584 3368 685 3431 Troia
701 3368 884 3450 mediisque
901 3388 941 3431 ex
958 3367 1090 3448 ignibus
1107 3366 1196 3428 urbis

206 3494 251 3546 150
293 3470 493 3546 Extuleram,
511 3471 573 3535 visi
590 3482 667 3536 ante
683 3473 797 3536 oculos
814 3473 946 3535 adstare
964 3471 1100 3535 iacentis

294 3574 334 3635 In
351 3577 486 3650 somnis
503 3576 607 3639 multo
623 3577 791 3640 manifesti
807 3577 942 3651 lumine,
960 3596 1026 3658 qua
1043 3596 1078 3638 se

295 3675 396 3739 Plena
413 3697 472 3757 per
488 3677 629 3741 insertas
645 3679 808 3742 fundebat
824 3680 903 3742 luna
919 3681 1092 3743 fenestras.

294 3779 382 3839 Tum
399 3778 445 3840 sic
462 3779 570 3842 adfari
585 3790 620 3843 et
635 3801 730 3844 curas
747 3782 799 3846 his
815 3782 948 3846 demere
964 3782 1080 3845 dictis:
