2800 4286
334 875 374 946 P.
414 871 648 945 venerer
689 871 945 944 nunonis

430 1082 850 1179 AENEIDOS

435 1365 579 1428 LIBER
613 1363 850 1428 SEPTIMUS

211 1537 265 1599 Tu
282 1553 420 1617 quoque
436 1533 586 1596 litoribus
602 1532 732 1608 nostris
751 1532 880 1596 Aeneia
896 1533 1013 1607 nutrix,
1061 1537 1064 1546 '

173 1641 359 1703 Aeternam
376 1638 522 1700 moriens
538 1635 673 1712 famam,
692 1636 816 1712 Caieta,
834 1636 972 1714 dedisti;

175 1745 217 1807 Et
232 1763 323 1806 nunc
342 1750 453 1805 servat
469 1741 575 1804 honos
591 1741 704 1804 sedern
721 1749 806 1816 tuus,
825 1760 966 1822 ossaque
983 1760 1103 1804 nomen

175 1847 344 1929 Hesperia
359 1845 394 1908 in
412 1864 542 1926 magna,
560 1844 588 1908 si
604 1864 669 1927 qua
685 1855 736 1908 est
752 1865 792 1907 ea
808 1845 922 1926 gioria,
940 1844 1059 1926 signat.

107 1974 119 2026 5
174 1953 220 2016 At
236 1952 312 2033 pius
330 1949 496 2031 exsequiis
512 1949 649 2013 Aeneas
665 1950 726 2012 rite
743 1948 867 2023 solutis,

174 2057 312 2137 Aggere
329 2055 515 2135 composito
532 2051 660 2127 tumuli,
678 2062 855 2135 postquam
873 2053 939 2115 alta
955 2054 1109 2135 quierunt

173 2161 344 2243 Aequora,
362 2157 469 2221 tendit
485 2158 548 2220 iter
563 2157 655 2233 velis,
672 2166 872 2239 portumque
888 2155 1052 2238 relinquit.

174 2263 363 2346 Adspirant
379 2281 479 2324 aurae
495 2260 528 2324 in
546 2270 688 2336 noctem,
706 2281 768 2324 nec
784 2261 927 2324 candida
942 2281 1058 2325 cursus

176 2368 272 2431 Luna
288 2374 401 2447 negat,
419 2365 574 2446 splendet
589 2365 730 2428 tremulo
748 2364 809 2428 sub
825 2364 948 2428 lumine
964 2375 1096 2447 pontus.

97 2495 122 2531 ιο
177 2471 329 2534 Proxima
346 2471 503 2535 Circaeae
520 2469 682 2532 raduntur
698 2470 794 2532 litora
809 2478 925 2544 terrae,

177 2576 280 2638 Dives
296 2575 485 2637 inaccessos
502 2573 559 2636 ubi
577 2572 664 2636 Solis
680 2573 746 2636 filia
763 2574 854 2636 lucos

175 2679 330 2742 Adsiduo
346 2687 480 2741 resonat
496 2687 606 2751 cantu,
624 2677 787 2760 tectisque
803 2677 954 2759 superbis

176 2783 252 2848 Urit
267 2783 441 2846 odoratam
459 2791 622 2845 nocturna
638 2780 672 2844 in
691 2781 816 2845 lumina
833 2781 978 2863 cedrum,

176 2888 309 2969 Arguto
325 2895 444 2949 tenues
462 2905 660 2968 percurrens
677 2887 808 2967 pectine
825 2886 916 2949 telas.
968 2931 971 2936 -

99 3011 122 3064 15
180 2991 268 3054 Hinc
285 2989 435 3054 exaudiri
452 2990 595 3072 gemitus
612 2990 747 3074 iraeque
764 2989 906 3065 leonum,

175 3095 296 3159 Vincla
312 3105 526 3158 recusantum
544 3105 577 3158 et
593 3115 668 3158 sera
684 3093 745 3158 sub
763 3103 860 3158 nocte
876 3094 1064 3169 rudentum,

176 3198 407 3281 Saetigerique
426 3219 503 3261 sues
520 3209 620 3281 atque
636 3200 669 3262 in
687 3198 926 3280 praesaepibus
942 3198 1009 3260 ursi

85 3363 90 3376 ,
177 3303 322 3379 Saevire,
340 3323 379 3366 ac
398 3302 525 3366 formae
543 3323 740 3385 magnorum
759 3303 884 3365 ululare
901 3303 1063 3385 luporum,

177 3407 270 3490 Quos
287 3407 461 3471 hominum
479 3427 519 3470 ex
536 3408 622 3472 facie
638 3407 702 3470 dea
718 3426 817 3470 saeva
834 3407 1024 3488 potentibus
1041 3406 1151 3470 herbis

99 3536 124 3573 ιο
178 3513 340 3576 Induerat
359 3511 454 3576 Circe
470 3511 503 3575 in
519 3512 631 3574 vultus
647 3531 686 3574 ac
701 3521 797 3593 terga
813 3512 969 3574 ferarum.

177 3616 274 3699 Quae
290 3636 334 3681 ne
351 3625 499 3679 monstra
514 3615 560 3697 pii
577 3625 771 3697 paterentur
785 3615 865 3678 talia
880 3616 986 3678 Troes

179 3721 291 3792 Delati
308 3720 341 3783 in
360 3729 483 3802 portus,
502 3739 566 3782 neu
583 3719 678 3782 litora
695 3718 766 3781 dira
782 3718 940 3794 subirent,

180 3825 360 3908 Neptunus
376 3823 484 3888 ventis
500 3821 649 3904 implevit
665 3821 740 3884 vela
757 3821 920 3896 secundis,

623 3931 666 3980 181
