2796 4282
209 295 269 360 170
296 317 298 322 -
560 285 718 338 venerii
744 286 944 338 Aruernos

205 489 251 542 545
294 466 484 542 Discedam,
501 465 642 548 explebo
658 483 843 540 numerum,
861 466 1049 547 reddarque
1065 464 1224 528 tenebris.

294 572 308 634 I
326 571 437 645 decus,
454 572 474 645 i,
485 579 659 645 nostrum3
684 569 874 632 melioribus
893 579 984 632 utere
1000 569 1112 632 latis'’

292 676 438 737 Tantum
455 674 588 750 effatus,
606 683 639 736 et
654 673 688 736 in
704 675 806 737 verbo
822 674 962 754 vestigia
976 675 1081 736 torsit.

339 780 489 861 Respicit
504 779 659 854 Aeneas;
684 777 794 841 subito
811 787 844 840 et
860 778 922 842 sub
938 799 1020 859 rupe
1037 779 1174 840 sinistra

295 884 430 946 Moenia
446 883 513 946 lata
528 883 627 957 videt,
645 873 766 963 triplici
781 883 984 946 circumdata
1000 902 1105 956 muro,

206 1010 255 1063 55ο
293 986 390 1068 Quae
406 987 542 1068 rapidus
560 986 702 1075 flammis
718 986 822 1050 ambit
838 986 1040 1050 torrentibus
1057 986 1176 1061 amnis

292 1093 473 1155 Tartareus
490 1091 708 1172 Phlegethon,
726 1101 924 1173 torquetque
940 1092 1095 1165 sonantia
1111 1111 1201 1154 saxa.

295 1197 393 1260 Porta
409 1197 549 1258 adversa
564 1197 692 1276 ingens,
710 1195 883 1278 solidoque
899 1196 1076 1258 adamante
1092 1196 1281 1269 columnae,

294 1300 354 1362 Vis
371 1309 407 1362 ut
422 1300 513 1362 nulla
529 1301 646 1375 virum,
665 1321 732 1362 non
748 1283 812 1381 ipsi
828 1300 1021 1364 exscindere
1037 1300 1125 1362 bello

296 1404 482 1467 Caelicolae
498 1405 631 1467 valeant
640 1426 647 1480 ;
673 1414 738 1468 stat
754 1405 864 1466 ferrea
879 1403 978 1467 turris
994 1405 1035 1466 ad
1052 1423 1162 1478 auras

207 1531 255 1584 555
294 1508 544 1590 Tisiphoneque
561 1509 691 1584 sedens,
710 1509 799 1590 palla
815 1510 985 1572 succincta
1000 1517 1149 1583 cruenta,

294 1611 504 1675 Vestibulum
522 1614 689 1676 exsomnis
706 1595 816 1676 servat
832 1623 1014 1694 noctesque
1029 1612 1179 1693 diesque.

297 1717 387 1786 Hinc
403 1716 551 1778 exaudiri
567 1716 720 1797 gemitus,
738 1725 772 1780 et
788 1737 888 1780 saeva
900 1735 1023 1780 sonare

295 1820 460 1895 Verbera;
485 1829 555 1882 tum
572 1821 692 1883 stridor
708 1820 798 1895 ferri,
814 1831 1007 1902 tractaeque
1023 1831 1173 1884 catenae.

239 1969 250 1994 .
336 1924 497 1987 Constitit
513 1925 659 1999 Aeneas,
677 1924 883 2006 strepituque
900 1924 1075 1988 exterritus
1092 1925 1209 1988 haesit.

209 2039 257 2103 560
297 2029 422 2110 “Quae
438 2029 601 2090 scelerum
620 2028 747 2091 facies?
771 2031 915 2110 ovirgo,¹
927 2029 1051 2104 effare;
1076 2029 1238 2110 quibusve

296 2133 470 2212 Urgentur
486 2133 625 2212 poenis?
650 2134 723 2215 quis
739 2142 853 2196 tantus
869 2134 1011 2213 plangor
1027 2133 1070 2194 ad
1086 2153 1187 2194 auras
1198 2133 1209 2196 ἓ
1221 2133 1237 2155 ”

295 2237 382 2297 Tum
396 2244 488 2298 vates
504 2235 552 2298 sic
564 2257 639 2298 orsa
655 2237 763 2318 loqui:
789 2238 898 2300 “Dux
914 2236 1036 2300 inclute
1052 2238 1231 2311 Teucrum,

297 2340 389 2401 Nulli
405 2339 458 2401 fas
474 2350 566 2402 casto
582 2341 780 2403 sceleratum
796 2340 949 2404 insistere
966 2340 1081 2417 limen;

298 2442 364 2506 Sed
381 2463 526 2506 mecum
543 2443 625 2506 lucis
645 2445 776 2506 Hecate
794 2445 956 2525 praefecit
973 2445 1128 2520 Auernis,

209 2557 255 2622 565
298 2547 377 2627 Ipsa
393 2547 491 2609 deum
509 2567 635 2628 poenas
652 2549 773 2623 docuit,
792 2569 918 2630 perque
933 2548 1045 2611 omnia
1061 2549 1163 2610 duxit.

296 2651 439 2714 Cnosius
460 2652 543 2714 haec
567 2652 845 2714 Rhadamanthus
867 2653 978 2727 habet,
1000 2652 1177 2714 durissima
1198 2671 1306 2732 regna,

296 2755 513 2837 Castigatque
529 2756 688 2837 auditque
706 2757 808 2831 doloS,
826 2757 1016 2838 subigitque
1032 2756 1139 2830 fateri,

296 2859 392 2940 Quae
409 2859 482 2941 quis
499 2860 589 2941 apud
606 2881 753 2941 superos
772 2861 861 2923 furto
877 2859 1019 2924 laetatus
1035 2858 1135 2934 inani,
1180 2915 1184 2926 .

298 2964 436 3026 Distulit
451 2963 484 3024 in
501 2984 609 3026 seram
627 2965 804 3026 commissa
822 2964 952 3044 piacula
968 2973 1116 3026 mortem.

209 3089 257 3141 570
296 3067 462 3130 Continuo
479 3077 591 3130 sontes
608 3069 707 3130 ultrix
722 3071 872 3131 accincta
888 3067 1021 3148 flagello

295 3170 479 3252 Tisiphone
496 3174 603 3254 quatit
619 3172 792 3246 insultans,
810 3183 988 3254 torvosque
1005 3171 1137 3234 sinistra

299 3276 474 3338 Intentans
490 3297 617 3358 angues
634 3288 730 3341 vocat
746 3279 880 3359 agmina
896 3297 996 3340 saeva
1012 3261 1172 3338 sororum.

296 3380 383 3441 Turn
401 3381 534 3442 demum
552 3381 724 3444 horrisono
741 3382 918 3444 stridentes
934 3380 1068 3444 cardine
1083 3399 1200 3442 sacrae

299 3483 492 3546 Panduntur
510 3496 633 3565 portae.
683 3487 810 3561 Cernis,
827 3485 978 3549 custodia
994 3484 1100 3566 qualis

210 3608 255 3661 575
295 3587 470 3649 Vestibulo
487 3588 623 3651 sedeat?
648 3589 751 3652 facies
767 3609 852 3672 quae
869 3589 983 3652 limina
999 3588 1130 3652 servet?

299 3685 551 3769 Quinquaginta
567 3693 649 3767 atris¹
662 3694 816 3755 immanis
834 3693 979 3756 hiatibus
997 3693 1118 3776 Hydra

301 3789 438 3852 Saevior
455 3791 543 3854 intus
561 3794 661 3856 habet
676 3796 799 3858 sedem.
847 3798 933 3859 Tum
951 3798 1111 3860 Tartarus
1127 3795 1201 3878 ipse
