2796 4282
219 264 278 326 104
571 254 728 306 venerii
756 253 950 307 Aruernos

302 434 370 498 Sed
386 433 467 497 mihi
483 434 535 498 vel
551 435 649 498 tellus
665 444 777 517 optem
795 434 885 516 prius
901 434 967 497 ima
982 435 1140 508 dehiscat,

215 565 245 616 ²5
300 539 362 602 Vel
380 540 478 602 Pater
494 540 704 622 omnipotens
721 539 834 621 adigat
850 559 902 602 me
919 539 1057 601 fulmine
1074 538 1115 600 ad
1133 537 1265 611 umbras,

303 644 468 707 Pallentes
486 643 620 706 umbras
638 644 739 707 Erebi
755 654 951 726 noctemque
968 643 1177 725 profundam,

302 749 404 824 Ante,
423 748 542 824 Pudor,
559 770 659 831 quam
676 757 709 812 te
724 748 820 826 violo,
839 759 895 812 aut
911 758 967 810 tua
983 748 1053 810 iura
1069 747 1205 810 resolvo.

303 851 363 916 Ille
381 874 480 929 meos,
498 853 624 936 primus
641 855 697 935 qui
713 874 766 917 me
783 854 843 916 sibi
859 853 971 930 iunxit,
989 873 1118 915 amores

302 958 469 1035 Abstulit;
494 959 549 1022 illc
567 958 688 1022 habeat
705 979 818 1022 secum
836 968 1009 1041 servetque
1026 954 1210 1039 sepulcro.”

301 1061 355 1126 Sic
371 1063 475 1125 effata
491 1063 600 1126 sinum
619 1064 762 1126 lacrimis
778 1063 927 1144 implevit
943 1062 1075 1126 obortis.

345 1166 448 1229 Anna
464 1168 584 1231 refert:
611 1173 629 1200 “
640 1168 671 1232 O
689 1169 762 1230 luce
778 1169 885 1248 magis
901 1167 1021 1230 dilecta
1037 1165 1149 1240 sorori,

303 1271 424 1334 Solane
442 1281 603 1354 perpetua
620 1293 771 1335 maerens
787 1291 924 1353 carpere
939 1273 1081 1346 iuventa,

302 1375 376 1438 Nec
391 1376 505 1438 dulces
522 1387 627 1452 natos,
645 1377 786 1440 Veneris
803 1396 863 1439 nec
880 1377 1027 1458 praemia
1042 1374 1154 1438 noris?

303 1479 343 1541 Id
359 1481 503 1543 cinerem
520 1491 577 1543 aut
596 1483 716 1544 Manes
732 1481 840 1544 credis
855 1500 970 1543 curare
987 1477 1155 1560 sepultos?

307 1583 398 1659 Esto,
417 1604 551 1665 aegram
569 1585 650 1647 nulli
667 1585 834 1666 quondam
852 1584 972 1647 flexere
990 1582 1098 1645 mariti

303 1687 380 1749 Non
399 1688 536 1772 Libyae,
553 1710 620 1752 non
638 1698 716 1752 ante
731 1689 841 1772 Tyro;
866 1688 1044 1769 despectus
1062 1686 1178 1748 Iarbas

304 1792 535 1873 Ductoresque
551 1793 615 1869 alii,
634 1813 717 1875 quos
734 1792 853 1854 Africa
868 1802 957 1855 terra
972 1790 1149 1872 triumphis

303 1895 406 1958 Dives
423 1896 501 1959 alit:
526 1897 692 1978 placitone
707 1898 807 1959 etiam
825 1896 990 1977 pugnabis
1006 1894 1134 1958 amori?

303 2000 375 2062 Nec
391 2000 481 2064 venit
498 2001 531 2062 in
545 2011 703 2076 mentem,
721 2021 860 2082 quorum
878 1999 1067 2064 consederis
1082 1999 1192 2062 arvis?

308 2102 397 2166 Hinc
415 2104 576 2168 Gaetulae
594 2104 701 2179 urbes,
719 2125 826 2186 genus
842 2095 1065 2186 insuperabile
1080 2103 1168 2166 bello

302 2206 346 2269 Et
371 2207 537 2270 Numidae
554 2208 677 2271 infreni
693 2209 832 2290 cingunt
849 2219 882 2272 et
897 2208 1065 2290 inhospita
1082 2206 1208 2290 Syrtis3

303 2309 392 2373 Hinc
409 2311 540 2374 deserta
557 2313 610 2374 siti
626 2313 728 2394 regio,
746 2314 879 2394 lateque
896 2313 1046 2374 furentes

303 2414 447 2477 Barcaei.
496 2416 586 2498 Quid
602 2416 690 2478 bella
705 2417 797 2500 Tyro
813 2415 982 2496 surgentia
998 2415 1117 2489 dicam,
1184 2395 1188 2404 ¹

301 2518 524 2600 Germanique
540 2520 670 2582 minas?

212 2644 242 2696 45
298 2621 359 2683 Dis
376 2622 529 2703 equidem
547 2623 737 2703 auspicibus
753 2645 827 2688 reor
843 2634 876 2686 et
894 2626 1023 2687 lunone
1039 2623 1186 2686 secunda

302 2725 403 2787 Hunc
419 2745 552 2787 cursum
571 2725 690 2789 Iliacas
705 2737 805 2790 vento
822 2728 971 2791 tenuisse
987 2727 1126 2790 carinae.

300 2827 410 2909 Quam
427 2838 462 2890 tu
475 2828 600 2903 urbem,
612 2850 712 2906 soror,
725 2832 811 2895 hanc
823 2851 949 2906 cernes,
963 2851 1049 2914 quae
1066 2849 1203 2911 surgere
1213 2845 1304 2908 regna

301 2929 464 3010 Coniugio
481 2932 556 2994 talil
604 2933 770 2996 Teucrum
787 2935 1022 2997 comitantibus
1038 2935 1139 2996 armis

302 3032 424 3095 Punica
441 3054 477 3097 se
493 3036 626 3117 quantis
642 3038 771 3100 attollet
786 3038 891 3119 gloria
907 3039 1024 3101 rebus!

215 3158 244 3209 5ο
297 3134 350 3196 Tu
367 3137 465 3200 modo
482 3159 583 3219 posce
600 3140 680 3202 deos
696 3141 836 3216 veniam,
855 3141 1023 3224 sacrisque
1041 3142 1143 3206 litatis

303 3237 444 3319 Indulge
460 3240 613 3322 hospitio,
631 3264 815 3326 causasque
831 3246 963 3308 innecte
979 3246 1141 3321 morandi,

303 3340 391 3401 Dum
409 3345 529 3425 pelago
546 3345 693 3410 desaevit
710 3350 814 3412 hiems
832 3358 864 3412 et
881 3371 1026 3432 aquosus
1043 3351 1159 3425 Orion,

302 3441 555 3529 Quassataeque
571 3459 668 3525 rateS,
686 3452 765 3514 dum
782 3474 848 3515 non
866 3454 1037 3516 tractabile
1055 3454 1218 3517 caelum.'’

347 3544 410 3608 His
426 3548 522 3612 dictis
539 3551 710 3616 incensum
727 3556 872 3617 animum
889 3558 1108 3620 inflammavit
1125 3577 1246 3632 amore,

216 3666 245 3719 55
301 3645 468 3728 Spemque
485 3651 575 3714 dedit
591 3655 709 3718 dubiae
727 3660 838 3734 menti,
857 3661 1019 3742 solvitque
1036 3662 1209 3742 pudorem.

304 3745 467 3829 Principio
484 3751 620 3817 delubra
636 3759 768 3835 adeunt,
786 3781 970 3845 pacemque
987 3784 1046 3846 per
1063 3785 1139 3827 aras
1249 3771 1251 3777 ’
