2796 4282
471 319 585 378 arasa
611 321 784 394 qomrus
1018 348 1021 353 -
1118 331 1175 400 ¹43
1261 293 1266 301 ¹

153 502 325 570 Ardentes
342 505 427 568 dare
443 503 516 566 visa
532 505 641 566 faces:
668 505 754 567 ‘Hic
770 503 919 586 quaerite
935 504 1088 580 Troiam;

156 611 218 673 Hic
235 611 361 672 domus
378 609 449 671 est'
468 607 573 690 inquit
591 607 721 670 ‘vobis'
771 608 842 670 lam
858 617 990 690 tempus
1009 609 1063 690 agi
1079 629 1140 671 res.
1225 695 1233 710 Ι
1381 631 1382 638 “

155 708 226 770 Nec
241 708 350 770 tantis
368 726 464 769 mora
480 706 646 787 prodigiis.
696 707 748 769 En
766 715 922 789 quattuor
938 727 1029 771 arae,

80 819 122 879 640
159 811 320 892 Neptuno
335 831 342 886 ;
368 795 454 872 deus
470 809 542 891 ipse
559 810 650 872 laces
667 811 881 892 animumque
898 811 1092 874 ministrat.’'

200 917 297 978 Haec
315 933 507 976 memorans
524 913 630 994 prima
646 913 815 976 infensum
832 915 864 976 vi
880 915 1015 998 corripit
1031 918 1152 997 ignem,

159 1019 367 1100 Sublataque
385 1017 501 1100 procul
517 1018 632 1080 dextra
648 1018 942 1094 conixa'coruscat,

159 1123 200 1185 Et
216 1122 303 1185 iacit.
353 1121 517 1184 Arrectae
534 1131 662 1184 mentes
679 1123 934 1204 stupefactaque
950 1124 1051 1186 corda

159 1227 310 1289 Iliadum.
361 1226 429 1287 Hic
446 1245 546 1289 unae
563 1225 683 1300 multis,
702 1246 786 1308 quae
803 1227 947 1288 maxima
961 1236 1051 1304 natu,

80 1337 122 1401 645
159 1331 276 1414 Pyrgo,
295 1339 346 1392 tot
364 1329 485 1391 Priami
501 1339 653 1392 natorum
670 1331 762 1410 regia
778 1330 906 1416 nutrix-z
960 1373 964 1383 ·

160 1435 268 1497 “Non
287 1435 395 1496 Beroe
411 1432 514 1508 vobis,
532 1453 598 1496 non
616 1434 699 1496 haec
714 1435 886 1508 Rhoeteia,
904 1444 1035 1511 matres,

159 1539 219 1600 Est
237 1536 377 1622 Dorycli
393 1538 553 1613 coniunx;
578 1537 680 1600 divini
697 1537 793 1619 signa
808 1539 936 1601 decoris

158 1642 398 1722 Ardentesque
415 1650 528 1704 notate
544 1642 667 1716 oculos,
686 1642 741 1723 qui
758 1642 893 1724 spiritus
911 1643 956 1705 illi

159 1745 224 1827 Qui
240 1745 363 1819 vultus,
382 1744 540 1826 vocisque
556 1765 666 1820 sonus,
684 1746 737 1808 vel
754 1765 889 1827 gressus
905 1746 1005 1808 eunti

80 1855 122 1920 650
159 1851 236 1931 lpsa
252 1857 390 1930 egomet
405 1848 531 1910 dudum
550 1850 678 1912 Beroen
695 1850 846 1930 digressa
863 1849 979 1931 reliqui

156 1955 316 2034 Aegram,
334 1952 577 2033 indignantem,
595 1953 652 2015 tali
668 1954 757 2035 quod
775 1955 846 2016 sola
861 1963 990 2016 careret
1097 1991 1101 1996 ·

41 2125 44 2134 ,
159 2059 308 2133 Munere,
327 2077 390 2119 nec
407 2055 542 2119 meritos
558 2056 729 2119 Anchisae
747 2057 884 2120 inlerret
901 2057 1074 2121 honores.'’

158 2162 259 2248 Haec·
274 2160 388 2224 effata.

197 2266 247 2328 At
264 2274 388 2326 matres
405 2265 512 2344 primo
528 2263 698 2346 ancipites
717 2265 887 2346 oculisque
904 2265 1057 2346 malignis

77 2381 118 2447 655
135 2447 138 2452 ¹
157 2368 348 2450 Ambiguae
366 2377 519 2449 spectare
536 2377 624 2431 rates
641 2370 796 2432 miserum
815 2368 899 2430 inter
914 2387 1060 2431 amorem

157 2472 345 2536 Praesentis
361 2481 470 2534 terrae
487 2471 633 2552 latisque
648 2472 802 2535 vocantia
818 2491 931 2553 regna,

156 2578 240 2642 Cum
256 2576 321 2639 dea
337 2595 373 2638 se
391 2575 527 2656 paribus
544 2595 604 2656 per
619 2577 746 2638 caelum
764 2575 896 2638 sustulit
912 2575 973 2638 alis

157 2682 402 2762 lugentemque
418 2679 501 2759 fuga
517 2678 622 2742 secuit
638 2679 699 2742 sub
716 2678 858 2742 nubibus
875 2699 997 2743 arcum.

154 2786 241 2847 Tum
258 2802 338 2845 vero
354 2782 512 2846 attonitae
529 2783 685 2845 monstris
701 2791 862 2864 actaeque
879 2783 990 2846 furore

76 2900 117 2950 660
154 2886 385 2961 Conclamant,
403 2886 602 2968 rapiuntque
619 2887 702 2949 iocis
719 2885 944 2968 penetralibus
962 2887 1090 2967 ignem;
1145 2966 1148 2972 Ι

156 2977 237 3054 Pars
253 2991 399 3072 spoliant
415 3009 499 3065 aras,
517 2990 672 3053 frondem
689 3009 728 3052 ac
743 2989 887 3070 virgulta
904 2991 1061 3071 facesque

132 3159 135 3165 ,
154 3095 342 3160 Coniciunt.
392 3093 487 3156 Furit
502 3094 658 3157 immissis
674 3095 847 3158 Vulcanus
863 3093 1002 3157 habenis

153 3199 317 3262 Transtra
333 3217 393 3278 per
408 3207 442 3262 et
457 3217 567 3261 remos
581 3207 615 3261 et
632 3200 739 3280 pictas
754 3199 862 3261 abiete
878 3217 1019 3280 puppes.

199 3302 347 3365 Nuntius
364 3302 536 3366 Anchisae
552 3303 594 3367 ad
610 3303 773 3366 tumulum
791 3321 980 3383 cuneosque
996 3301 1117 3364 theatri
1164 3356 1167 3362 .

75 3417 115 3483 665
155 3407 317 3469 Incensas
336 3406 463 3486 perfert
478 3427 581 3470 naves
599 3407 768 3483 Eumelus,
786 3416 821 3469 et
835 3405 899 3488 ipsi

156 3509 355 3592 Respiciunt
370 3520 476 3572 atram
493 3512 527 3572 in
544 3510 657 3574 nimbo
673 3511 810 3574 volitare
827 3511 984 3572 favillam.

155 3615 283 3677 Primus
299 3623 333 3678 et
349 3614 526 3689 Ascanius,
545 3635 660 3677 cursus
677 3623 713 3676 ut
729 3615 835 3677 laetus
851 3622 1024 3695 equestres

155 3718 320 3794 Ducebat,
339 3717 386 3781 sic
403 3738 479 3782 acer
494 3738 580 3800 equo
598 3719 729 3781 turbata
750 3718 866 3798 petivit

153 3823 282 3899 Castra,
300 3841 363 3885 nec
379 3821 547 3884 exanimes
563 3831 705 3902 possunt
721 3821 861 3883 retinere
879 3817 1038 3898 magistri.

232 3933 349 3982 rsruzu’s
361 3943 463 3979 asuero
471 3959 504 3967 -
513 3944 544 3978 10
