2816 4282
493 299 607 353 Lmen
633 301 892 356 uuouacmus
1186 313 1248 377 337

232 477 379 552 “Faune,
392 498 522 560 precor,
535 479 722 556 miserere,”
734 479 838 562 inquit
849 485 976 561 “tuque
986 479 1112 562 optima
1122 481 1246 544 ferrum

230 583 328 644 Terra
344 592 434 658 tene,
451 583 539 646 colui
556 574 683 650 uestros
699 584 727 648 si
743 604 877 666 semper
893 586 1045 660 honores,

231 685 320 768 Quos
335 697 456 750 contra
473 687 655 751 Aeneadae
673 689 758 751 bello
774 689 886 752 fecere
904 689 1094 769 profanos.'’

158 799 196 862 780
271 791 372 868 Dixit,
390 811 558 874 opemque
575 792 628 854 dei
644 813 711 856 non
727 813 823 856 cassa
838 793 872 856 in
888 803 966 856 vota
982 793 1129 868 vocavit;

231 895 382 978 Namque
399 895 457 958 diu
473 896 604 960 luctans
621 897 775 979 lentoque
791 897 825 960 in
842 897 945 978 stirpe
961 907 1107 961 moratus

229 999 359 1063 Viribus
377 1000 468 1062 haud
485 1000 561 1062 ullis
577 1000 681 1063 valuit
696 1001 882 1082 discludere
900 1022 1029 1064 morsus

230 1103 368 1166 Roboris
386 1103 533 1167 Aeneas.
583 1106 673 1167 Dum
690 1105 804 1169 nititur
820 1126 896 1169 acer
912 1115 945 1169 et
961 1106 1071 1181 instat,

229 1207 356 1271 Rursus
373 1209 406 1271 in
423 1208 560 1290 aurigae
577 1209 697 1272 faciem
716 1219 842 1274 mutata
861 1209 993 1273 Metisci

154 1320 191 1385 785
229 1313 393 1376 Procurrit
410 1313 572 1395 fratrique
589 1333 703 1376 ensem
720 1314 783 1376 dea
802 1315 933 1376 Daunia
951 1313 1067 1377 reddit.

227 1417 324 1499 Quod
341 1419 460 1482 Venus
477 1417 595 1480 audaci
616 1418 796 1503 Nymphae
812 1417 984 1500 indignata
1007 1418 1114 1494 licere,

228 1523 389 1604 Accessit,
407 1522 579 1603 telumque
596 1510 663 1584 alta
679 1509 721 1585 ab
737 1523 848 1585 radice
864 1523 1000 1586 revellit.

228 1625 293 1690 Olli
309 1626 478 1702 sublimes,
497 1628 597 1688 armis
614 1625 798 1709 animisque
815 1626 942 1702 relecti,

228 1730 292 1793 Hic
308 1731 421 1812 gladio
439 1730 556 1805 fidenS,
575 1730 627 1792 hie
645 1750 721 1793 acer
736 1740 770 1793 et
786 1731 908 1793 arduus
925 1733 1030 1806 hasta,

153 1857 193 1905 790
228 1834 405 1896 Adsistunt
421 1843 539 1897 contra
556 1835 736 1897 certamine
755 1835 873 1897 Martis
890 1835 1009 1898 anheli.

270 1938 435 2001 Iunonem
451 1938 579 2000 interea
597 1939 669 2000 Rex
686 1938 924 2020 omnipotentis
942 1937 1080 2023 Olympi

228 2042 438 2125 Adloquitur,
457 2041 551 2104 fulva
567 2062 699 2123 pugnas
715 2043 757 2105 de
774 2042 861 2106 nube
877 2052 1046 2106 tuentem:

228 2147 351 2228 “Quae
369 2146 435 2210 iam
452 2147 527 2208 finis
543 2145 613 2222 erit,
631 2146 798 2210 coniunx?
812 2147 899 2229 quid
916 2147 1060 2228 denique
1077 2145 1202 2208 restat?

228 2251 414 2332 Indigetem
432 2250 573 2313 Aenean
590 2250 655 2314 scis
672 2249 754 2332 ipsa,
771 2261 804 2314 et
820 2252 904 2314 scire
921 2251 1045 2326 fateris,

150 2377 188 2429 795
227 2355 350 2418 Deberi
366 2353 468 2430 caelo,
487 2353 632 2435 fatisque
648 2354 691 2416 ad
708 2354 815 2418 sidera
831 2355 910 2418 tolli.

226 2459 314 2540 Quid
332 2459 441 2533 struis
460 2467 517 2520 aut
533 2478 597 2540 qua
615 2479 675 2539 spe
692 2459 809 2540 gelidis
825 2460 858 2521 in
876 2459 1019 2522 nubibus
1036 2457 1176 2521 haeres?

225 2561 394 2626 Mortalin’
411 2562 523 2624 decuit
539 2561 654 2624 violari
670 2562 808 2626 vulnere
825 2563 958 2626 divum?

152 2701 154 2706 ·
225 2667 296 2729 Aut
312 2685 427 2729 ensem
442 2665 570 2747 —quid
587 2665 675 2729 enim
693 2667 763 2730 sine
780 2676 813 2730 te
831 2667 970 2730 Iuturna
985 2666 1130 2730 valeret?
1141 2703 1182 2713 -—

227 2771 389 2852 Ereptum
407 2769 501 2832 reddi
517 2771 640 2846 Turno,
658 2780 693 2833 et
707 2772 774 2833 vim
792 2791 942 2834 crescere
958 2771 1076 2834 victis?

141 2883 187 2933 800
227 2875 353 2937 Desine
369 2875 436 2936 iam
453 2874 599 2950 tandem,
619 2874 839 2956 precibusque
855 2875 1024 2938 inflectere
1041 2874 1179 2948 nostris;

108 2968 111 2974 ’
227 2979 280 3041 Ne
295 2987 329 3042 te
345 2987 459 3040 tantus
476 2978 554 3050 edat
570 2978 703 3042 tacitam
722 2979 824 3055 dolor,
842 2989 875 3042 et
892 2979 972 3042 mihi
988 2998 1087 3041 curae

212 3083 336 3163 ·Saepe
352 3090 409 3144 tuo
426 3081 514 3144 dulci
531 3081 642 3146 tristes
659 3102 699 3144 ex
716 3103 772 3145 ore
790 3093 968 3146 recursent.

224 3187 372 3250 Ventum
389 3185 431 3248 ad
448 3205 640 3266 supremum
658 3196 716 3248 est.
764 3186 877 3249 Terris
893 3188 1020 3268 agitare
1036 3185 1088 3248 vel
1106 3185 1203 3248 undis

225 3290 388 3353 Troianos
405 3290 550 3371 potuisti,
569 3290 745 3353 infandum
763 3291 945 3354 accendere
961 3290 1095 3365 bellum,

139 3405 183 3471 805
227 3395 426 3458 Deformare
444 3396 589 3468 domum,
609 3403 643 3458 et
659 3396 748 3458 luctu
766 3395 905 3458 miscere
922 3397 1145 3479 hymenaeos:

226 3500 376 3565 Ulterius
392 3510 558 3581 temptare
572 3493 682 3563 'vetos'
732 3499 787 3564 Sic
807 3501 960 3581 Iuppiter
977 3519 1090 3575 orsus;

270 3603 324 3668 Sic
341 3605 405 3668 dea
421 3606 596 3668 summisso
613 3614 729 3667 contra
746 3603 902 3669 Saturnia
917 3604 1029 3666 vultu:

225 3711 328 3773 “Ista
345 3711 477 3791 quidem
496 3709 573 3791 quia
589 3719 668 3772 nota
684 3708 765 3771 mihi
781 3719 855 3792 tua,
866 3728 998 3789 magne,
1015 3709 1177 3780 voluntas,

226 3814 389 3896 Iuppiter,
408 3823 441 3876 et
457 3814 608 3875 Turnum
625 3822 659 3875 et
674 3822 780 3876 terras
797 3812 898 3874 invita
915 3812 1050 3894 reliq'ui;
1137 3869 1140 3874 r

305 3926 420 3972 rnruzn's
432 3935 534 3971 annam
543 3949 574 3958 -
583 3935 614 3970 22
