2796 4282
202 304 262 370 134
555 294 712 347 VERGlLl
740 295 937 348 AENEIDOS

285 475 481 556 Sergestum
496 475 634 538 Aeneas
651 476 813 556 promisso
829 495 966 540 munere
981 475 1092 550 donat,

285 579 458 644 Servatam
475 578 517 642 ob
534 599 653 642 navem
670 578 777 641 laetus
793 577 965 661 sociosque
982 579 1147 642 reductos.

285 683 352 747 Olli
370 703 466 746 serva
482 683 587 758 datur,
606 703 743 764 operum
760 683 848 745 haud
866 683 980 764 ignara
999 685 1183 758 Minervae,

197 800 243 864 285
285 788 405 850 Cressa
422 807 539 868 genus,
560 787 691 862 Pholoe,
710 787 900 868 geminique
917 786 978 849 sub
994 787 1095 850 ubere
1112 787 1192 848 nati.

330 997 406 1060 Hoc
423 998 497 1077 pius
514 997 651 1058 Aeneas
668 995 768 1058 misso
785 996 965 1059 certamine
982 997 1087 1058 tendit

285 1100 500 1164 Gramineum
518 1099 550 1161 in
568 1119 732 1180 campum,
752 1120 850 1182 quem
871 1101 1008 1163 collibus
1028 1100 1176 1182 undique
1194 1101 1300 1162 curvis

284 1203 474 1284 Cingebant
490 1203 601 1277 silvae,
621 1203 795 1285 mediaque
812 1203 844 1265 in
863 1204 948 1266 valle
965 1204 1084 1267 theatri

284 1308 399 1371 Circus
416 1317 505 1381 erat;
531 1329 596 1390 quo
609 1328 645 1370 se
663 1306 774 1370 multis
791 1328 866 1370 cum
884 1308 1014 1371 milibus
1031 1308 1128 1370 heros

197 1437 243 1487 290
286 1410 455 1474 Consessu
472 1405 617 1474 medium
634 1411 708 1474 tulit
724 1421 956 1494 exstructoque
972 1412 1102 1476 resedit.

286 1516 361 1591 Hic,
379 1516 436 1598 qui
453 1515 539 1579 forte
555 1516 657 1578 velint
674 1517 790 1596 rapido
806 1517 1007 1580 contendere
1023 1537 1131 1592 cursu,
1185 1599 1187 1603 Ι

285 1619 408 1682 Invitat
424 1619 539 1700 pretiis
557 1620 695 1695 animos,
713 1629 746 1682 et
763 1622 911 1702 praemia
928 1621 1028 1702 ponit.

284 1723 443 1806 Undique
461 1724 664 1787 conveniunt
680 1725 801 1787 Teucri
818 1724 976 1807 mixtique
993 1724 1114 1800 Sicani,

285 1827 387 1890 Nisus
404 1837 437 1890 et
455 1827 621 1912 Euryalus
638 1828 752 1910 primi3

196 1956 241 2009 ²95
285 1932 451 2016 Euryalus
468 1932 577 1996 forma
592 1932 733 2014 insignis
748 1934 909 2016 viridique
926 1933 1069 2007 iuventa,

285 2035 388 2098 Nisus
405 2056 517 2098 amore
535 2037 589 2118 pio
607 2036 719 2117 pueri;
746 2058 828 2119 quos
845 2037 965 2099 deinde
982 2046 1114 2100 secutus

285 2139 412 2220 Regius
428 2141 565 2221 egregia
583 2140 703 2202 Priami
720 2141 761 2203 de
779 2142 880 2222 stirpe
900 2141 1037 2217 Diores;

285 2243 387 2306 Hunc
420 2243 529 2307 Salius
561 2244 656 2306 simul
689 2254 722 2306 et
755 2245 886 2320 Patron,
919 2265 1058 2326 quorum
1090 2246 1175 2307 alter
1201 2245 1301 2306 Acar-

372 2367 449 2422 nan,

284 2450 380 2514 Alter
397 2451 439 2513 ab
457 2451 604 2514 Arcadio
621 2454 798 2535 Tegeaeae
815 2455 978 2534 sanguine
994 2452 1103 2533 gentis
1118 2473 1124 2526 ;

195 2581 242 2631 300
283 2555 370 2616 Tum
386 2554 452 2617 duo
469 2555 630 2618 Trinacrii
648 2556 794 2636 iuvenes,
815 2557 980 2642 Helymus
998 2558 1229 2638 Panopesque,

282 2657 426 2720 Adsueti
443 2659 542 2734 silvis,
561 2659 698 2722 comites
715 2661 853 2723 senioris
870 2662 1030 2738 Acestae;

285 2761 382 2823 Multi
399 2772 579 2842 praeterea,
597 2784 680 2846 quos
697 2765 788 2826 lama
804 2765 944 2828 obscura
961 2765 1118 2828 recondit.

282 2864 418 2928 Aeneas
434 2865 553 2948 quibus
570 2857 737 2930 in'mediis
754 2869 800 2931 sic
817 2869 937 2932 deinde
953 2870 1101 2932 locutus:

327 2969 514 3051 “Accipite
531 2971 613 3034 haec
630 2972 757 3047 animis,
777 2974 947 3054 laetasque
964 2973 1125 3036 advertite
1143 2983 1292 3036 mentes:

195 3096 241 3149 305
285 3072 393 3135 Nemo
409 3093 450 3135 ex
466 3075 528 3136 hoc
546 3095 684 3138 numero
700 3077 780 3138 mihi
798 3098 863 3139 non
881 3078 1023 3140 donatus
1040 3076 1153 3140 abibit.

283 3176 406 3240 Cnosia
422 3177 501 3240 bina
518 3178 605 3242 dabo
622 3179 730 3243 levato
747 3181 855 3244 lucida
873 3181 962 3244 ferro

284 3279 421 3360 Spicula
437 3281 665 3365 caelatamque
682 3295 822 3366 argento
839 3286 927 3348 ferre
940 3287 1119 3366 bipennem
1133 3306 1139 3360 ;

283 3383 449 3447 Omnibus
465 3385 518 3449 hic
535 3386 597 3450 erit
613 3408 699 3451 unus
717 3390 831 3452 honos.
880 3391 963 3453 Tres
975 3389 1130 3471 praemia
1146 3391 1245 3471 primi

283 3487 471 3569 Accipient,
490 3490 641 3574 flavaque
659 3503 760 3574 caput
776 3504 951 3557 nectentur
967 3494 1062 3558 oliva,

195 3617 242 3667 310
285 3591 414 3664 Primus
431 3613 553 3674 equum
570 3596 715 3676 phaleris
732 3599 896 3679 insignem
914 3599 1018 3662 victor
1034 3598 1176 3675 habet03

284 3694 382 3756 Alter
398 3695 616 3759 Amazoniam
636 3698 825 3779 pharetram
845 3703 1043 3784 plenamque
1060 3703 1192 3784 sagittis

283 3795 456 3871 Threiciis,
474 3798 540 3860 lato
557 3819 655 3880 quam
673 3801 796 3865 circum
813 3805 1022 3885 amplectitur
1038 3827 1119 3869 auro
1168 3883 1171 3888 1
