2816 4282
468 318 582 372 LIBER
608 317 840 372 UNDECIMUS

100 522 143 576 35⁰
178 497 382 564 consedisse
399 496 516 560 urbem
534 498 633 572 luctu,
651 496 730 560 dum
748 497 850 559 Trola
865 503 1007 578 temptat

178 603 304 678 Castra,
323 603 431 683 lugae
447 601 563 676 fidens,
581 610 614 664 et
630 600 759 664 caelum
777 598 906 664 territat
922 599 1029 664 armis.

219 708 368 772 “Unum
385 705 486 769 etiam
503 705 599 768 donis
610 705 691 780 istis,
709 723 795 786 quae
811 703 954 785 plurima
969 704 1054 767 mitti

179 810 384 874 Dardanidis
401 809 532 891 dicique
548 808 652 884 iub'es,
670 827 782 883 unum,
800 808 925 888 optime
941 827 1067 889 regum,

176 915 334 989 Adicias3
360 932 423 978 nec
440 922 474 976 te
490 911 588 976 ullius
602 912 760 976 violentia
775 911 896 987 vineat,

100 1041 141 1096 355
178 1019 265 1101 Quin
285 1028 401 1082 natam
418 1017 555 1098 egregio
568 1035 692 1098 genero
709 1015 885 1098 dignisque
902 1017 1096 1100 hymenaeis

178 1125 246 1187 Des
262 1132 370 1204 pater,
388 1130 422 1184 et
439 1139 557 1202 pacem
574 1120 661 1183 hanc
679 1129 815 1184 aeterno
831 1120 966 1184 loedere
983 1120 1110 1201 iungas.

213 1232 237 1282 .“
248 1227 350 1309 Quod
368 1225 397 1288 si
412 1234 525 1313 tantus
543 1224 644 1288 habet
661 1234 790 1287 mentes
806 1233 839 1288 et
855 1233 991 1306 pectora
1006 1233 1131 1299 terror,

179 1331 292 1412 Ipsum
310 1330 527 1404 obtestemur,
539 1328 738 1410 veniamque
755 1349 887 1392 oremus
902 1328 945 1392 ab
960 1328 1056 1410 ipso:

178 1435 292 1510 Cedat,
310 1434 362 1498 ius
380 1435 551 1516 proprium
569 1433 641 1514 regi
658 1434 851 1514 patriaeque
867 1433 1021 1496 remittat.

101 1554 142 1617 360
178 1539 266 1621 Quid
284 1539 425 1602 miseros
442 1536 565 1601 totiens
581 1536 614 1600 in
632 1546 747 1619 aperta
764 1536 909 1618 pericula
924 1537 1013 1600 cives

179 1643 309 1719 Proicis,
328 1662 348 1705 0
367 1641 465 1704 Latio
481 1651 582 1723 caput
600 1642 717 1704 horum
735 1649 768 1704 et
784 1660 884 1704 causa
901 1641 1087 1704 malorum?

180 1748 278 1810 Nulla
295 1746 387 1810 salus
403 1745 512 1819 hello;
537 1765 653 1826 pacem
670 1753 703 1809 te
720 1746 887 1827 poscimus
903 1765 1027 1819 omnes,

178 1852 299 1926 Turne,
318 1850 418 1912 simul
433 1849 525 1930 pacis
542 1850 649 1913 solum
665 1847 852 1912 inviolabile
869 1849 998 1930 pignus.

179 1955 306 2018 Primus
323 1971 398 2035 ego,
415 1952 558 2016 invisum
575 1972 674 2034 quem
690 1961 726 2016 tu
743 1951 802 2016 tibi
818 1953 916 2032 fingis
927 1949 976 2033 (et
992 1971 1065 2016 esse

104 2067 142 2131 3⁶5
180 2059 233 2120 Nil
250 2058 386 2138 moror),
394 2077 435 2120 en
453 2056 594 2138 supplex
609 2056 715 2120 venio.
765 2057 924 2119 Miserere
941 2065 1083 2132 tuorum,

179 2163 267 2226 Pone
284 2163 425 2237 animos
442 2169 476 2223 et
493 2161 609 2242 pulsus
626 2160 698 2235 abi;
723 2171 774 2224 sat
790 2161 908 2224 funera
927 2161 994 2222 fusi

178 2267 341 2341 Vidimus,
354 2261 509 2346 ingentes
525 2273 558 2328 et
574 2264 798 2328 desolavimus
815 2283 922 2346 agros.

178 2370 257 2444 Aut,
275 2369 304 2432 si
320 2370 413 2433 fama
428 2378 549 2444 movet,
567 2368 741 2432 sitantum
758 2378 891 2450 pectore
908 2368 1008 2431 robur

180 2473 346 2556 Concipis,
364 2474 441 2536 etsi
457 2473 542 2536 adeo
559 2473 678 2536 dotalis
694 2472 785 2554 regia
802 2471 892 2537 cordi
909 2481 968 2546 est,

26 2605 33 2624 ·
105 2599 145 2650 370
181 2579 291 2651 Aude,
310 2587 410 2658 atque
426 2576 603 2640 adversum
621 2577 728 2640 fidens
745 2577 796 2640 fer
812 2586 929 2657 pectus
945 2577 979 2639 in
996 2577 1134 2640 hostem.

179 2682 321 2755 Scilicet,
340 2690 376 2742 ut
392 2681 507 2743 Turno
524 2680 672 2762 contigat
689 2680 780 2762 regia
796 2679 949 2754 coniunx,

180 2787 261 2859 Nos,
279 2785 410 2848 animae
426 2783 517 2859 vileS,
535 2783 707 2848 inhumata
723 2783 903 2866 infletaque
918 2784 1026 2858 turba,

157 2890 374 2954 -Sternamur
387 2887 524 2970 campis,
574 2889 683 2952 Etiam
699 2897 745 2964 tu,
764 2887 791 2952 si
807 2907 873 2970 qua
889 2887 946 2951 tibi
963 2887 1021 2962 vis

180 2994 216 3058 Si
232 2992 331 3076 patrii
347 2991 426 3076 quid
444 2991 564 3057 Martis
580 2991 692 3064 habes,
704 2992 796 3055 illum
813 2991 925 3073 aspice
941 3000 1066 3068 contra,

105 3120 142 3173 375
180 3097 246 3180 Qui
262 3096 390 3160 vocat.”
968 3079 970 3084 ¹

223 3200 362 3265 Talibus
378 3199 500 3263 exarsit
516 3199 612 3264 dictis
628 3199 786 3264 violentia
801 3199 926 3276 Turni;
994 3217 996 3222 ·

182 3306 249 3368 Dat
264 3303 435 3386 gemitum,
452 3304 642 3386 rumpitque
659 3305 720 3366 has
737 3303 803 3367 imo
819 3314 954 3386 pectore
969 3323 1088 3370 voces:

161 3471 165 3478 ,
225 3409 367 3490 “Larga
383 3407 526 3489 quidem,
547 3408 689 3483 Drance,
707 3427 840 3490 semper
851 3407 911 3471 tibi
926 3407 1023 3489 copia
1039 3408 1131 3471 fandi

181 3513 275 3589 Tum,
293 3532 370 3576 cum
386 3511 474 3576 bella
490 3531 608 3574 manus
625 3521 786 3593 poscunt;
811 3512 1027 3594 patribusque
1042 3513 1169 3575 vocatis

107 3627 146 3689 380
182 3617 309 3681 Primus
325 3616 416 3680 ades.
464 3616 531 3680 Sed
548 3637 615 3678 non
632 3616 793 3697 replenda
809 3625 860 3680 est
875 3618 966 3680 curia
981 3615 1100 3690 verbis,

182 3723 278 3805 Quae
293 3731 366 3784 tuto
382 3720 441 3784 tibi
457 3740 580 3802 magna
596 3720 719 3796 volant,
733 3721 813 3784 dum
830 3719 964 3784 distinet
982 3721 1109 3784 hostem

183 3827 299 3910 Agger
316 3845 494 3900 murorum,
512 3845 575 3888 nec
591 3824 756 3887 inundant
773 3824 935 3904 sanguine
948 3825 1068 3888 fossae.
