2822 4294
582 250 739 302 VERGILI
767 249 966 302 AENEIDOS

310 429 408 492 Nunc
425 439 554 493 tantum
571 429 663 491 sinus
680 439 712 491 et
730 429 828 492 statie
845 428 932 492 male
950 430 1018 492 fida
1035 439 1161 493 carinis.
1198 439 1202 448 '

310 533 387 596 Huc
404 541 440 596 se
457 541 603 615 prevecti
619 535 751 596 deserte
769 535 802 595 in
821 533 915 597 litore
933 534 1079 596 condunt

309 638 380 699 Nos
396 637 515 700 abiisse
532 646 594 700 rati
610 647 643 700 et
660 645 761 700 vente>
777 633 912 719 petiisse
933 638 1103 722 Mycenes.

311 743 401 823 Erge
417 742 524 804 omnis
540 743 642 822 longo
657 741 753 804 solvit
770 749 806 804 se
824 742 966 805 Teucria
984 743 1092 818 luctu;

311 847 502 909 Panduntur
520 856 654 928 portae;
679 845 768 908 iuvat
784 857 831 910 ire
848 856 881 909 et
901 847 1023 910 Derica
1040 858 1148 911 castra

312 951 536 1033 Desertesque
550 951 661 1014 videre
679 951 768 1014 loces
787 951 930 1033 litusque
948 951 1107 1014 relictum.

311 1054 376 1117 Hic
395 1056 563 1136 Dolopum
581 1075 708 1131 manus,
727 1056 779 1118 hic
797 1076 916 1118 saevus
935 1055 1092 1119 tendebat
1108 1056 1267 1130 Achillem

313 1158 483 1222 Classibus
501 1161 552 1223 hic
569 1161 671 1237 locuS,
690 1161 744 1224 hic
761 1162 831 1224 acie
848 1169 976 1224 certine
994 1161 1153 1224 solebant.

312 1263 391 1325 Pars
408 1273 518 1345 stupet
535 1266 696 1349 innuptae
713 1268 838 1328 denum
855 1265 985 1329 exitiele
1004 1265 1176 1329 Minervae

312 1367 354 1428 Et
371 1368 491 1430 melem
508 1379 669 1432 mirantur
687 1380 782 1452 equi;
809 1380 1001 1452 primusque
1018 1370 1223 1454 Thymoetes

314 1471 399 1533 Deci
416 1471 501 1534 intre
518 1480 629 1536 mures
645 1475 797 1537 hortetur
814 1485 847 1537 et
865 1495 940 1538 arce
958 1475 1066 1548 locari,

312 1575 388 1638 Sive
405 1576 490 1652 dole,
509 1598 567 1640 seu
584 1577 649 1640 iarn
667 1579 788 1642 Treiae
805 1589 851 1642 sic
870 1579 940 1640 feta
958 1578 1121 1641 ferebant.

315 1679 362 1742 At
379 1681 502 1765 Capys,
520 1692 552 1744 et
570 1691 709 1764 querum
727 1684 843 1746 melior
860 1682 1027 1746 sententia
1042 1691 1155 1756 menti,

313 1783 383 1845 Aut
400 1786 520 1868 pelage
540 1786 695 1848 Danaum
713 1788 850 1850 insidias
869 1797 1091 1869 suspectaque
1108 1787 1196 1849 dena

314 1887 533 1970 Praecipitare
550 1890 674 1966 iubent,
693 1892 916 1974 subiectisque
935 1899 1029 1954 urere
1047 1891 1199 1964 flammis,

312 1991 382 2053 Aut
398 1993 564 2058 terebrare
581 2003 680 2058 caveis
698 2005 781 2058 uteri
798 2007 831 2059 et
848 2003 1011 2078 temptzire
1029 1995 1182 2057 latebris.

314 2095 480 2160 Scinditur
498 2098 658 2162 incertum
677 2101 786 2163 studia
803 2101 835 2163 in
854 2101 1018 2189 contreria
1034 2099 1163 2180 vulgus,

357 2194 483 2264 Primus
500 2203 543 2265 ibi
561 2214 638 2267 ante
655 2212 780 2281 omnes,
800 2213 922 2286 magne
939 2203 1117 2268 comitante
1134 2209 1270 2276 caterve,

316 2304 470 2368 Leocoen
488 2309 607 2371 erdens
625 2317 754 2372 summe
770 2311 915 2373 decurrit
932 2309 1074 2384 abarce,

315 2409 357 2470 Et
375 2412 506 2489 procul:
532 2398 592 2476 “O
610 2414 730 2488 miseri,
748 2435 833 2497 quae
850 2423 944 2476 tanta
960 2413 1100 2487 insania,
1117 2411 1228 2474 cives?

315 2512 455 2576 Creditis
472 2522 604 2579 avectes
623 2517 758 2581 hostes?
783 2529 839 2581 aut
858 2519 923 2580 ulla
941 2518 1065 2599 putetis

317 2617 414 2678 Deua
430 2626 541 2682 carere
559 2621 642 2684 dous
662 2623 841 2685 Danaum?
866 2632 911 2686 sic
930 2629 1028 2685 netus
1046 2620 1186 2685 Ulixes?

313 2719 383 2782 Aut
400 2719 462 2785 hec
479 2722 596 2786 inclusi
615 2727 705 2806 ligne
722 2728 929 2790 occultantur
946 2726 1078 2801 Achivi,

314 2823 385 2917 Aut
401 2824 483 2888 haec
500 2827 533 2889 in
551 2838 681 2893 nostres
699 2831 861 2894 fabricata
878 2841 928 2894 est
945 2830 1099 2893 mechina
1116 2836 1227 2891 mures

317 2927 513 3010 Inspectura
530 2933 645 2996 domes
662 2943 869 3018 venturaque
886 2936 1030 3016 desuper
1047 2933 1128 3007 urbi,

316 3030 387 3093 Aut
403 3033 519 3115 aliquis
535 3037 614 3102 latet
631 3060 739 3117 error;
765 3048 852 3122 eque
868 3048 910 3102 ne
927 3039 1060 3112 credite,
1078 3039 1208 3100 Teucri.

316 3133 483 3218 Quidquid
501 3140 608 3217 idest,
626 3144 724 3208 timee
744 3147 880 3208 Danaes
897 3154 930 3207 et
946 3144 1034 3206 dena
1050 3141 1227 3206 ferentes”

316 3238 370 3300 Sic
385 3240 474 3304 fetus
489 3246 606 3309 validis
623 3248 793 3329 ingentem
812 3250 935 3313 viribus
953 3249 1082 3311 hastam

318 3340 356 3402 in
374 3343 459 3408 latus
476 3347 574 3430 inque
592 3352 653 3415 feri
670 3374 804 3416 curvam
824 3354 1042 3436 compagibus
1058 3351 1168 3413 alvum

318 3445 493 3539 §ontorsit.
542 3453 639 3518 Stetit
654 3457 709 3519 illa
726 3465 881 3533 tremens,
902 3465 1062 3538 utereque
1078 3462 1215 3518 recusso

319 3550 500 3616 Insonuere
517 3576 617 3622 cavae
634 3561 861 3645 gemitumque
878 3562 999 3626 dedere
1017 3577 1189 3624 cavernae.

320 3653 372 3725 Et,
390 3664 417 3715 si
433 3657 501 3718 feta
519 3659 625 3734 deum,
644 3675 671 3726 si
688 3674 780 3728 mens
796 3675 862 3729 nen
880 3667 972 3729 laeva
990 3666 1117 3738 fuisset,

236 3773 264 3826 55
320 3754 500 3836 Impulerat
517 3762 605 3826 ferre
622 3767 797 3848 Argolicas
816 3770 952 3832 foedere
968 3769 1121 3841 latebres,
