2800 4286
496 221 497 224 ’
531 210 688 262 VERGlLl
716 211 915 262 AENElDOS

262 390 452 453 Privernum
471 389 594 473 Capys.
639 390 740 451 Hunc
757 387 863 469 primo
881 387 961 451 levis
977 388 1074 450 hasta
1091 387 1298 452 Themillae

261 494 462 569 Strinxerat;
487 495 541 556 ille
559 513 692 555 manum
711 492 857 573 proiecto
872 493 1017 572 tegmine
1035 493 1175 555 demens
1392 501 1393 508 ’

260 600 316 662 Ad
333 599 453 661 vulnus
469 599 562 673 tulit;
586 617 666 677 ergo
683 597 743 659 alis
761 597 897 678 adlapsa
915 597 1036 678 sagitta

262 704 305 766 Et
322 704 415 765 laevo
432 702 539 764 adfixa
555 711 605 763 est
622 701 714 763 lateri
730 721 858 775 manus,
877 701 1054 784 abditaque
1071 702 1163 765 intus

262 809 472 890 Spiramenta
489 807 618 869 animae
636 805 725 868 letali
741 805 878 875 vulnere
894 807 991 888 rupit.

262 912 379 976 Stabat
395 911 429 973 in
445 897 589 992 egregiis
608 909 765 973 Arcentis
783 911 868 974 filius
885 912 993 987 armis

262 1018 372 1080 Pictus
389 1036 449 1078 acu
466 1015 675 1099 chlamydem
693 1024 726 1077 et
742 1015 912 1097 ferrugine
928 1018 1036 1079 clarus
1056 1018 1194 1094 Hibera,

262 1121 409 1210 Insignis
425 1121 520 1195 facie,
538 1120 668 1201 genitor
686 1141 784 1202 quem
803 1122 936 1183 miserat
953 1120 1093 1197 ArcenS,

151 1235 154 1241 '
263 1226 429 1288 Eductum
446 1225 560 1286 matris
576 1226 650 1287 luco
668 1225 861 1309 Symaethia
878 1226 1000 1288 circum

262 1330 426 1404 Flumina,
444 1329 577 1410 pinguis
594 1329 650 1391 ubi
663 1339 696 1392 et
712 1329 883 1410 placabilis
900 1351 956 1392 ara
974 1329 1093 1392 Palici:

262 1434 462 1498 Stridentem
480 1433 619 1496 fundam
637 1434 753 1515 positis
771 1434 956 1497 Mezentius
973 1434 1077 1496 hastis

261 1539 341 1620 Ipse
357 1546 407 1600 ter
423 1538 566 1600 adducta
582 1539 705 1600 circum
724 1547 824 1620 caput
841 1540 908 1619 egit
925 1538 1065 1614 habena,

263 1644 306 1705 Et
323 1642 431 1704 media
447 1642 576 1704 adversi
593 1642 774 1724 liquefacto
790 1652 940 1724 tempora
958 1643 1094 1724 plumbo

264 1746 402 1821 Diffidit,
421 1767 459 1808 ac
476 1746 579 1808 multa
596 1756 783 1827 porrectum
801 1747 948 1810 extendit
968 1748 1101 1809 harena.

306 1852 391 1913 Tum
408 1853 551 1933 primum
567 1850 655 1914 bello
671 1852 811 1915 celerem
828 1852 1009 1914 intendisse
1027 1851 1185 1932 sagittam

264 1955 402 2030 Dicitur,
420 1956 603 2018 anteferas
621 1947 737 2018 solitus
753 1965 876 2020 terrere
892 1957 1040 2037 fugaces
1147 2028 1148 2032 η

262 2059 439 2134 Ascanius,
457 2061 645 2142 fortemque
662 2080 762 2122 manu
780 2061 907 2123 fudisse
926 2061 1128 2135 Numanum,

264 2164 324 2227 Cui
344 2164 486 2226 Remulo
502 2185 688 2245 cognomen
707 2173 786 2240 erat,
804 2166 976 2246 Turnique
992 2166 1155 2227 minorem

264 2269 464 2332 Germanam
481 2288 588 2350 nuper
604 2269 753 2331 thalamo
771 2271 915 2332 sociatus
931 2268 1084 2331 habebat.

264 2373 298 2434 Is
316 2373 454 2453 primam
472 2382 549 2435 ante
565 2373 669 2436 aciem
688 2373 789 2454 digna
806 2383 906 2455 atque
922 2373 1058 2453 indigna
1074 2373 1182 2435 relatu

263 2477 461 2540 Vociferans
477 2478 690 2559 tumidusque
707 2498 792 2540 novo
810 2478 1002 2558 praecordia
1019 2497 1123 2558 regno

265 2581 340 2643 Ibat
356 2591 389 2643 et
406 2580 574 2662 ingentem
592 2602 665 2644 sese
683 2583 826 2645 clamore
843 2581 991 2644 ferebat:

309 2686 415 2748 “Non
434 2685 536 2766 pudet
552 2685 723 2750 obsidione
740 2688 856 2749 iterum
873 2687 1028 2767 valloque
1044 2685 1160 2760 teneri,

265 2789 321 2852 Bis
337 2790 426 2870 capti
445 2791 601 2874 Phryges,
618 2801 652 2853 et
669 2792 764 2853 morti
782 2790 998 2872 praetendere
1015 2789 1149 2852 muros?

266 2896 327 2970 En,
346 2895 401 2976 qui
417 2903 530 2958 nostra
547 2895 607 2957 sibi
625 2895 711 2958 bello
728 2895 869 2958 conubia
887 2895 1046 2977 poscunt!
1093 2937 1094 2940 κ

264 2999 348 3081 Quis
364 2999 446 3062 deus
465 2999 604 3074 ltaliam,
623 3020 707 3082 quae
724 3020 783 3062 vos
799 2999 966 3062 dementia
983 2999 1117 3080 adegit?

266 3105 342 3166 Non
359 3103 412 3165 hic
430 3104 578 3178 Atridae,
595 3125 657 3167 nec
673 3103 767 3167 fandi
785 3104 877 3168 lictor
895 3105 1020 3169 Ulixes.

267 3209 395 3271 Durum
413 3207 455 3270 ab
472 3208 574 3289 stirpe
591 3229 707 3289 genuS,
725 3217 821 3270 natos
840 3209 880 3270 ad
898 3207 1034 3270 flumina
1052 3207 1193 3289 primum

267 3313 459 3375 Deferimus
476 3332 641 3394 saevoque
659 3313 734 3394 gelu
753 3313 910 3375 duramus
927 3323 959 3375 et
976 3312 1090 3386 undis;

266 3419 397 3481 Venatu
416 3416 589 3498 invigilant
607 3419 710 3498 pueri,
730 3417 895 3498 silvasque
913 3417 1072 3498 fatigant;

267 3521 417 3582 Flectere
436 3521 532 3582 ludus
549 3540 652 3602 equos
669 3531 701 3583 et
719 3520 845 3601 spicula
863 3521 998 3584 tendere
1015 3541 1126 3584 cornu.

266 3625 315 3687 At
331 3625 461 3704 patiens
478 3643 614 3704 operum
635 3642 804 3705 parvoque
822 3624 959 3686 adsueta
976 3625 1131 3688 iuventus

267 3727 337 3789 Aut
355 3727 468 3788 rastris
484 3736 605 3788 terram
623 3727 744 3803 domat,
763 3737 819 3789 aut
836 3728 942 3809 quatit
959 3728 1080 3810 oppida
1097 3727 1193 3791 bello
