2816 4282
494 324 608 376 LIBER
635 325 808 378 DECIMUS

182 500 322 582 Incipias
341 502 499 565 conferre
517 503 683 564 manum.”

219 606 368 667 Tantum
385 605 522 681 effatus,
540 616 573 669 et
589 607 712 670 infesta
729 608 817 671 subit
834 609 950 672 obvius
967 610 1072 673 hasta.

180 710 236 773 llle
253 717 387 772 autem:
416 708 536 790 “Quid
553 730 606 773 me
622 721 746 792 erepto,
766 713 966 789 saevissime,
985 723 1064 777 nato

179 815 319 878 Tcrres?
345 815 430 876 haec
447 813 502 876 via
518 815 588 877 sola
604 815 677 890 fuit,
696 836 761 898 qua
777 817 917 898 perdere
935 838 1060 900 posses.

104 931 143 980 880
180 921 248 983 Nec
266 929 413 986 mortem
431 918 612 993 horremus,
631 920 822 982 necdivum
840 921 1007 1001 parcimus
1024 924 1091 985 ulli.

180 1024 324 1088 Desine:
350 1043 429 1085 nam
448 1022 545 1085 venio
563 1025 749 1099 moriturus
769 1034 802 1087 et
819 1025 902 1088 haec
918 1026 977 1088 tibi
994 1036 1090 1108 porto

180 1129 275 1192 Dona
293 1128 419 1210 prius.''
470 1129 569 1204 Dixit,
589 1129 757 1212 telumque
775 1130 905 1194 intorsit
922 1131 955 1192 in
972 1131 1120 1208 hostem;

180 1233 260 1296 lnde
276 1233 369 1295 aliud
387 1242 604 1315 superatque
621 1233 709 1296 aliud
727 1233 874 1317 figitque,
892 1236 1047 1318 volatque

180 1335 313 1418 Ingenti
331 1357 436 1420 gyro;
462 1339 520 1400 sed
538 1339 678 1401 sustinet
696 1355 816 1402 aureus
834 1338 941 1401 umbo.

105 1450 143 1516 885
180 1443 243 1511 Ter
259 1442 387 1504 circum
406 1451 571 1505 astantem
590 1443 702 1505 laevos
719 1443 879 1525 equitavit
896 1444 929 1504 in
946 1443 1052 1520 orbes,

179 1547 258 1609 Tela
275 1566 379 1608 manu
398 1546 540 1620 iaciens;
566 1556 616 1609 ter
632 1567 744 1610 secum
763 1548 883 1610 Trolus
901 1547 997 1611 heros

181 1651 367 1713 immanem
386 1659 499 1713 aerato
517 1651 708 1714 circumfert
724 1651 872 1731 tegmine
890 1651 1015 1714 silvam.

179 1755 260 1818 lnde
277 1753 336 1817 ubi
353 1763 403 1816 tot
420 1753 559 1816 traxisse
577 1775 695 1828 moras,
715 1764 764 1818 tot
781 1756 909 1836 spicula
925 1755 1036 1819 taedet

178 1859 320 1933 Vellere,
338 1868 373 1920 et
390 1866 526 1938 urgetur
543 1879 658 1939 pugna
675 1879 875 1940 congressus
891 1859 1012 1941 iniqua,

104 1973 142 2036 890
179 1964 286 2026 Multa
305 1982 445 2026 movens
463 1964 573 2026 animo
590 1963 654 2025 iam
672 1964 807 2026 tandem
826 1963 978 2045 erumpit,
996 1973 1028 2026 et
1045 1963 1130 2027 inter

179 2066 354 2129 Bellatoris
372 2065 449 2148 equi
467 2086 548 2129 cava
564 2076 714 2147 tempora
732 2066 852 2129 conicit
869 2067 1008 2130 hastam.

177 2172 278 2233 Tollit
296 2190 332 2234 se
351 2181 515 2233 arrectum
534 2172 734 2254 quadrupes,
753 2180 785 2233 et
802 2171 948 2234 calcibus
965 2191 1063 2234 auras

177 2276 351 2349 Verberat,
370 2275 582 2357 effusumque
600 2277 746 2357 equitem
764 2295 865 2356 super
882 2275 953 2356 ipse
970 2285 1103 2338 secutus

178 2380 343 2461 implicat,
363 2377 533 2461 eiectoque
552 2379 712 2443 incumbit
729 2399 872 2442 cernuus
889 2399 989 2442 armo.

23 2499 27 2508 '
102 2491 140 2557 895
179 2484 334 2547 Clamore
352 2482 535 2546 incendunt
551 2485 680 2548 caelum
699 2485 871 2567 Troesque
890 2483 1076 2566 Latinique.

177 2587 326 2650 Advolat
343 2587 488 2663 Aeneas,
506 2587 695 2671 vaginaque
712 2590 810 2670 eripit
824 2599 948 2664 ensem,

178 2693 221 2754 Et
238 2712 340 2772 super
357 2691 459 2754 haec:
486 2692 584 2756 “Ubi
601 2713 690 2756 nunc
710 2693 896 2756 Mezentius
913 2712 998 2768 acer,
1015 2702 1049 2756 et
1065 2692 1120 2754 illa

178 2796 294 2858 Effera
310 2797 360 2857 vis
377 2795 500 2858 animi?
513 2797 530 2821 ”
578 2797 704 2861 Contra
721 2797 927 2881 Tyrrhenus,
946 2807 981 2859 ut
998 2816 1096 2859 auras

177 2899 371 2980 Suspiciens
389 2899 498 2963 hausit
516 2901 653 2976 caelum,
674 2910 886 2983 mentemque
904 2901 1047 2981 recepit:

101 3027 139 3076 900
178 3003 326 3066 “Hostis
343 3023 464 3079 amare,
484 3005 561 3086 quid
580 3005 759 3087 increpitas
777 3015 982 3086 mortemque
1000 2992 1157 3066 minaris?

178 3108 315 3170 Nullum
333 3107 366 3170 in
384 3108 487 3171 caede
504 3110 609 3184 nefas,
627 3129 689 3172 nec
706 3095 752 3171 sic
770 3109 811 3170 ad
829 3109 954 3190 proelia
969 3109 1054 3170 verri.

179 3211 251 3274 Nec
266 3220 377 3274 tecum
396 3232 488 3276 meus
507 3213 588 3276 haec
607 3212 733 3294 pepigit
752 3213 831 3275 mihi
847 3212 984 3276 foedera
1003 3212 1142 3274 Lausus.

179 3316 293 3379 Unum
309 3316 381 3392 hoc,
400 3337 468 3397 per,
488 3317 514 3380 si
531 3337 597 3398 qua
613 3325 663 3379 est
678 3315 773 3380 victis
790 3316 887 3379 venia
904 3315 1064 3390 hostibus,
1081 3336 1158 3378 oro:

179 3420 308 3500 Corpus
325 3421 426 3484 humo
443 3421 570 3501 patiare
586 3420 665 3502 tegi.
713 3421 789 3484 Scio
805 3420 925 3483 acerba
941 3439 1090 3482 meorum

102 3545 141 3597 905
180 3523 402 3588 Circumstare
421 3525 514 3600 odia;
540 3525 638 3600 hunc,
656 3545 723 3599 oro,
741 3524 886 3587 defende
906 3525 1079 3596 furorem,

179 3629 220 3691 Et
235 3649 289 3692 me
307 3637 494 3692 consortem
512 3628 580 3691 nati
597 3628 742 3692 concede
760 3628 943 3708 sepulcro.”

181 3735 274 3797 Haec
291 3732 443 3814 loquitur,
462 3733 641 3813 iuguloque
658 3733 746 3795 haud
765 3733 888 3794 inscius
905 3730 1026 3812 accipit
1043 3749 1166 3803 ensem,

180 3837 397 3918 Undantique
413 3837 557 3900 animam
575 3821 732 3898 diffundit
749 3836 782 3897 in
799 3854 892 3896 arma
907 3853 1031 3897 cruore.
