2796 4282
442 858 480 932 P.
518 858 750 932 ueneni
794 856 1050 930 nunonis

541 1069 953 1162 AENEIDOS

551 1351 696 1413 iruna
727 1307 937 1414 annuus

325 1520 502 1601 Postquam
519 1539 572 1582 res
589 1519 692 1582 Asiae
711 1519 896 1600 Priamique
913 1511 1063 1580 euertere
1080 1526 1214 1597 gentem

283 1623 485 1686 immeritam
503 1624 608 1685 visum
626 1624 763 1704 superis,
782 1621 968 1703 ceciditque
985 1621 1167 1702 superbum

283 1728 379 1789 Ilium
397 1736 429 1789 et
445 1727 552 1790 omnis
569 1727 670 1790 humo
687 1727 795 1789 fumat
813 1726 986 1807 Neptunia
1002 1725 1112 1800 Troia,

284 1831 424 1893 Diversa
440 1831 554 1894 exsilia
570 1841 603 1893 et
619 1832 768 1894 desertas
785 1850 944 1912 quaerere
960 1839 1066 1892 terras

280 1931 440 2011 Auguriis
455 1932 585 2011 agimur
601 1930 722 2005 divum,
740 1930 949 2012 classemque
965 1931 1028 1993 sub
1046 1931 1118 2010 ipsa

281 2034 457 2097 Antandro
474 2044 507 2096 et
525 2034 688 2117 Phrygiae
707 2035 859 2096 molimur
875 2034 1043 2097 montibus
1062 2034 1154 2109 Idae,

282 2139 413 2213 Incerti,
432 2159 497 2221 quo
515 2139 584 2201 fata
602 2139 720 2215 ferant,
739 2138 795 2201 ubi
812 2139 929 2202 sistere
946 2140 1051 2214 detur,

281 2243 581 2324 Contrahimusque
599 2243 694 2306 viros.
743 2244 806 2306 Vix
824 2245 931 2324 prima
948 2243 1118 2324 inceperat
1135 2251 1253 2316 aestaS,

282 2347 325 2408 Et
342 2355 435 2426 pater
452 2347 618 2409 Anchises
635 2348 714 2410 dare
731 2347 810 2411 fatis
827 2349 901 2410 vela
918 2347 1071 2410 iubebat:

283 2450 396 2511 Litora
412 2471 485 2512 cum
506 2451 631 2531 patriae
648 2451 824 2514 lacrimans
841 2461 1024 2532 portusque
1041 2449 1192 2531 relinquo

282 2555 324 2615 Et
341 2574 486 2635 campos
505 2554 560 2616 ubi
576 2557 677 2618 Troia
694 2556 765 2618 fuit.
816 2557 918 2619 Feror
934 2555 1026 2618 exsul
1043 2555 1076 2616 in
1090 2553 1195 2616 altum

281 2658 364 2720 Cum
382 2659 479 2720 sociis
495 2668 639 2740 natoque
658 2660 837 2723 Penatibus
854 2669 886 2722 et
904 2659 1035 2740 magnis
1051 2657 1110 2720 dis.

324 2867 428 2929 Terra
445 2865 559 2947 procul
576 2870 679 2930 vastis
696 2868 815 2930 colitur
833 2867 998 2930 Mavortia
1014 2866 1196 2947 campis-

279 2970 427 3033 Thraces
444 2980 539 3032 arant
550 3007 592 3016 -
603 2973 669 3034 acri
686 2973 854 3052 quondam
871 2982 1011 3052 regnata
1030 2971 1196 3055 Lycurgo,

197 3098 224 3149 ¹5
283 3073 473 3154 Hospitium
491 3074 664 3156 antiquum
682 3076 801 3138 Troiae
818 3076 963 3157 sociique
983 3077 1133 3150 Penates

285 3177 372 3237 Dum
392 3177 538 3244 Fortuna
556 3179 626 3241 fuit.
676 3181 778 3243 Feror
796 3181 868 3256 huc,
887 3190 919 3243 et
936 3180 1031 3242 litore
1048 3199 1149 3242 curvo

285 3279 419 3342 Moenia
435 3281 540 3361 prima
556 3283 638 3358 loco,
657 3284 734 3346 iatis
753 3285 922 3365 ingressus
938 3284 1068 3366 iniquis

282 3382 526 3466 Aeneadasque
543 3407 616 3450 meo
633 3409 753 3450 nomen
771 3389 811 3451 de
829 3389 962 3450 nomine
979 3389 1077 3468 fingo.
1147 3453 1148 3456 ,

326 3486 428 3549 Sacra
446 3489 615 3552 Dionaeae
633 3493 729 3553 matri
746 3493 896 3574 divisque
914 3492 1062 3555 ferebam

197 3613 226 3648 κο
285 3587 485 3668 Auspicibus
502 3604 692 3672 coeptorum
711 3616 859 3677 operum,
878 3617 1065 3678 superoque
1082 3596 1248 3658 nitentem
1362 3641 1364 3644 -

284 3690 483 3753 Caelicolum
501 3696 571 3775 regi
587 3699 770 3760 mactabam
790 3700 821 3761 in
840 3701 932 3763 litore
949 3710 1091 3800 taurum.

286 3793 384 3853 Forte
400 3794 463 3854 fuit
478 3798 567 3858 iuxta
583 3802 739 3874 tumulus,
757 3824 822 3884 quo
840 3824 961 3866 cornea
978 3825 1107 3882 summo

728 3912 760 3959 80
