2816 4282
213 295 274 370 308
570 297 728 350 varroni
755 295 955 350 Aruernos

212 494 258 548 775
300 476 460 552 Cassida;
488 485 559 540 tum
575 495 728 538 croceam
756 475 1035 558 chlamydemque
1066 473 1226 564 sinusque
1251 492 1331 536 cre-

386 589 506 662 pantes

299 684 484 748 Carbaseos
501 684 593 747 fulvo
609 685 643 746 in
660 683 785 746 nodum
802 683 982 764 collegerat
997 703 1087 760 auro,

299 789 409 851 Pictus
425 809 487 852 acu
503 789 633 851 tunicas
649 797 681 852 et
700 787 839 850 barbara
855 787 1003 868 tegmina
1020 799 1164 851 crurum

343 894 445 954 Hunc
461 891 565 972 virgo,
583 891 651 955 sive
668 901 704 954 ut
719 891 853 972 templis
870 893 1068 972 praefigeret
1084 912 1180 954 arma

297 997 406 1071 Trota,
424 996 555 1083 captivo
572 996 641 1058 sive
657 1005 694 1059 ut
710 1016 746 1059 se
761 996 865 1059 ferret
879 996 913 1056 in
930 1015 1020 1071 auru,

211 1109 258 1172 780
297 1101 457 1164 Venatrix
473 1121 575 1162 unum
592 1121 632 1162 ex
648 1099 738 1163 omni
753 1099 934 1162 certamine
952 1119 1087 1180 pugnae

298 1205 406 1268 Caeca
423 1203 632 1286 sequebatur,
649 1213 823 1286 totumque
841 1203 973 1266 incauta
990 1220 1048 1286 per
1065 1223 1190 1285 agmen

298 1309 456 1371 Femineo
473 1309 618 1390 praedae
633 1317 667 1371 et
683 1308 864 1389 spoliorum
883 1307 1020 1370 ardebat
1036 1328 1162 1384 amore,

297 1408 415 1470 Telum
432 1429 472 1471 ex
488 1409 614 1470 insidiis
631 1428 706 1470 cum
723 1408 858 1504 tandem
874 1417 1025 1489 tempore
1041 1417 1142 1488 capto

298 1512 451 1575 Concitat
466 1523 499 1574 et
516 1533 655 1594 superos
670 1513 804 1576 Arruns
821 1511 867 1574 sic
883 1531 965 1575 voce
982 1522 1160 1592 precatur:
1262 1507 1267 1519 '

210 1625 255 1690 785
298 1616 466 1679 “Summe
482 1617 593 1692 deum,
611 1616 717 1679 sancti
732 1625 845 1680 custos
862 1616 1009 1680 Soractis
1025 1604 1162 1698 Apollo,

297 1721 406 1802 Quem
425 1720 522 1801 primi
538 1720 685 1795 colimus,
703 1721 756 1784 cui
773 1719 891 1801 pineus
907 1721 1005 1782 ardor
1021 1741 1142 1784 acervo

298 1825 455 1900 Pascitur,
472 1833 506 1887 et
521 1825 665 1888 medium
683 1824 760 1887 freti
776 1824 899 1905 pietate
916 1844 975 1906 per
990 1825 1103 1904 ignem

296 1928 449 1992 Cultores
466 1929 570 1990 multa
586 1930 767 2009 premimus
782 1928 922 2008 vestigia
939 1948 1055 2009 pruna,

298 2033 360 2107 Da,
380 2033 485 2107 Pater,
504 2034 566 2096 hoc
583 2034 703 2095 nostris
720 2031 844 2096 aboleri
860 2032 1006 2096 dedecus
1021 2033 1131 2110 armis,

209 2159 257 2211 790
297 2135 529 2216 Omnipotens
578 2137 655 2198 Non
672 2135 807 2198 exuvias
824 2137 982 2216 pulsaeve
998 2146 1176 2219 tropaeum

296 2239 453 2320 Virginis
464 2250 528 2303 aut
545 2241 651 2322 spolia
668 2240 734 2303 ulla
750 2250 845 2320 peto;
871 2240 953 2302 mihi
968 2249 1080 2303 cetera
1096 2243 1230 2307 laudem

297 2345 400 2406 Facta
416 2345 545 2408 ferent:
570 2346 652 2408 haec
669 2344 740 2408 dira
756 2364 830 2408 meo
847 2345 926 2407 dum
938 2346 1080 2408 ‘vulnere
1097 2348 1203 2428 pestis

298 2448 396 2510 Pulsa
411 2449 517 2525 cadat,
537 2450 660 2530 patrias
677 2448 833 2512 remeabo
849 2448 1009 2529 inglorius
1025 2449 1156 2514 urbes''

339 2552 456 2615 Audiit
472 2563 505 2616 et
521 2553 590 2616 voti
607 2552 761 2616 Phoebus
778 2553 956 2616 succedere
972 2563 1100 2634 partem

209 2677 254 2731 795
297 2658 413 2719 Mente
429 2657 528 2733 dedit,
547 2668 674 2738 partem
691 2658 843 2751 volucres
858 2655 1014 2738 dispersit
1029 2659 1062 2720 in
1080 2679 1201 2724 auras:

298 2761 468 2824 Sterneret
483 2771 520 2824 ut
536 2761 645 2824 subita
660 2760 827 2825 turbatam
845 2770 950 2824 morte
967 2761 1152 2839 Camillam,

295 2864 425 2927 Adnuit
441 2865 566 2942 oranti;
591 2867 746 2929 reducem
764 2874 801 2928 ut
817 2866 923 2946 patria
940 2866 1007 2928 alta
1022 2867 1158 2942 videret,

297 2969 373 3030 Non
390 2969 489 3045 dedit,
508 2969 608 3052 inque
625 2980 721 3034 notos
737 2989 852 3033 vocem
870 2979 998 3032 vertere
1015 2971 1189 3052 procellae

297 3073 397 3154 Ergo,
415 3083 451 3136 ut
468 3076 568 3138 missa
584 3095 684 3136 manu
701 3074 846 3137 sonitum
863 3074 954 3136 dedit
970 3075 1066 3137 hasta
1083 3095 1142 3156 per
1159 3096 1267 3152 auras

208 3185 256 3234 800
296 3177 498 3242 Convertere
514 3180 642 3241 animos
659 3199 752 3242 acres
769 3179 948 3260 oculosque
963 3178 1068 3242 tulere

296 3282 416 3346 Cuncti
432 3283 473 3346 ad
489 3285 640 3364 reginam
656 3283 778 3346 Volsci.
828 3282 919 3345 Nihil
936 3282 1008 3363 ipsa
1024 3301 1086 3346 nec
1102 3301 1201 3346 aurae

297 3388 368 3450 Nec
386 3388 513 3452 sonitus
530 3408 654 3452 memor
670 3398 727 3450 aut
743 3386 907 3450 venientis
923 3387 965 3450 ab
982 3387 1117 3450 aethere
1134 3386 1200 3462 teli,

297 3492 405 3554 Hasta
422 3493 484 3556 sub
500 3503 662 3556 exsertam
681 3493 786 3556 donec
804 3492 932 3574 perlata
948 3492 1106 3573 papillam

298 3595 425 3673 Haesit,
442 3597 693 3678 virgineumque
710 3598 776 3660 alte
791 3595 874 3660 bibit
890 3606 963 3659 acta
979 3615 1137 3662 cruorem.

209 3706 256 3772 805
297 3701 506 3764 Concurrunt
522 3701 671 3780 trepidae
687 3703 834 3774 comiteS,
852 3699 1087 3782 dominamque
1103 3709 1256 3763 ruentem

297 3804 497 3884 Suscipiunt.
547 3803 647 3884 Fugit
663 3813 740 3866 ante
757 3823 873 3868 omnes
888 3803 1063 3868 exterritus
1080 3804 1221 3879 Arruns,
