2796 4282
230 298 291 380 148
585 301 745 360 venem
773 300 971 358 xanaroos

317 460 498 568 lligrarum
515 486 619 548 multo
635 485 800 566 pecudum
816 493 850 548 te
865 483 1028 565 sanguine
1047 485 1156 548 ducet.

313 593 403 654 Tum
419 611 527 672 genus
544 610 641 653 omne
657 599 762 664 tuum,
775 599 808 652 et
820 609 906 670 quae
921 589 1044 652 dentur
1059 590 1200 665 moenia,
1214 587 1328 652 disces,
1378 629 1379 660 ,

317 697 456 777 Iamque
472 697 565 771 vale;
583 703 715 775 torquet
731 693 858 757 medios
876 695 952 758 Nox
967 693 1080 756 umida
1094 713 1221 767 cursus
1378 681 1379 762 l

316 800 360 862 Et
376 821 429 863 me
447 819 568 862 saevus
584 799 679 881 equis
695 797 817 862 Oriens
833 797 968 860 adflavit
983 797 1144 860 anhelis.''
1378 789 1379 792 '

227 929 276 980 740
362 905 510 978 Dixerat,
529 913 563 966 et
578 913 697 966 tenues
712 903 809 984 fugit,
826 923 888 966 ceu
904 903 1025 976 tumus,
1042 902 1077 964 in
1093 923 1201 966 auras
1224 929 1226 934 ’

314 1010 458 1084 Aeneas,
478 1008 585 1090 “Quo
602 1007 723 1070 deinde
739 1007 830 1070 ruis?
854 1028 919 1089 quo
935 1006 1078 1089 proripis
1090 1007 1129 1068 ?¹’
1146 1007 1261 1088 inquit,

316 1113 456 1194 “Quem
472 1112 587 1193 iugis?
611 1121 669 1174 aut
684 1111 757 1193 quis
769 1121 803 1174 te
815 1111 937 1174 nostris
949 1111 1178 1192 complexibus
1191 1111 1298 1173 arcet?
1309 1111 1324 1134 ’⁹
1378 1141 1379 1144 ¹

315 1218 411 1280 Haec
428 1235 618 1279 memorans
634 1215 779 1278 cinerem
795 1226 830 1278 et
845 1214 971 1296 sopitos
993 1215 1131 1278 suscitat
1147 1216 1251 1296 ignes,

316 1322 601 1402 Pergameumque
619 1321 740 1382 Larem
756 1329 791 1382 et
806 1339 910 1382 canae
926 1318 1112 1399 penetralia
1127 1319 1251 1382 Vestae

226 1448 273 1501 745
316 1426 418 1488 Farre
437 1425 490 1506 pio
506 1434 540 1487 et
556 1425 656 1506 plena
672 1424 814 1505 supplex
829 1432 1007 1486 veneratur
1021 1443 1145 1486 acerra.
1205 1506 1206 1509 Ἴ

359 1529 537 1610 Extemplo
553 1528 661 1591 socios
678 1527 888 1609 primumque
904 1526 1041 1590 arcessit
1058 1527 1219 1603 Acesten,

316 1634 360 1695 Et
377 1632 466 1696 Iovis
483 1632 659 1713 imperium
675 1628 709 1696 e't
725 1631 793 1694 cari
809 1640 989 1714 praecepta
1005 1631 1155 1712 parentis

306 1738 452 1813 -Edocet,
470 1746 504 1799 et
520 1756 606 1819 quae
622 1757 712 1798 nunc
729 1737 839 1798 animo
856 1735 1022 1798 sententia
1038 1744 1179 1798 constet

217 1856 226 1868 '
316 1842 418 1903 Haud
436 1860 528 1904 mora
543 1840 697 1915 consiliis,
716 1860 777 1903 nec
795 1840 884 1902 iussa
900 1849 1031 1903 recusat
1047 1839 1201 1916 Acestes.

227 1969 275 2020 750
314 1944 555 2007 Transcribunt
571 1943 793 2020 urbimatreS,
812 1945 1038 2025 populumque
1054 1944 1223 2006 volentem

316 2051 508 2131 Deponunt,
526 2049 654 2111 animos
670 2048 717 2110 nil
733 2033 877 2129 magnae
891 2047 999 2111 laudis
1015 2055 1164 2128 egentes,
1218 2079 1219 2082 ¹

316 2153 385 2233 lpsi
400 2162 545 2214 transtra
561 2162 695 2227 novant,
714 2151 923 2233 flammisque
941 2151 1078 2214 ambesa
1093 2160 1259 2232 reponunt

316 2255 450 2318 Robora
466 2255 616 2337 navigiis
635 2265 753 2338 aptant
770 2275 945 2337 remosque
961 2255 1197 2336 rudentesque,

314 2359 435 2440 Exigui
452 2380 600 2434 numer0,
618 2360 677 2423 sed
693 2359 781 2422 bello
797 2359 908 2422 vivida
921 2359 1035 2422 virtus.

226 2487 272 2539 755
316 2464 447 2525 Interea
465 2463 602 2526 Aeneas
618 2463 734 2526 urbem
751 2445 906 2545 designat
921 2473 1031 2526 aratro

315 2567 523 2648 Sortiturque
540 2566 676 2642 domos;
701 2567 764 2630 hoc
782 2568 880 2630 Ilium
896 2577 929 2630 et
946 2567 1028 2630 haec
1045 2568 1118 2630 loca
1134 2567 1267 2630 Troiam

293 2671 295 2675 ’
315 2671 398 2734 Esse
414 2670 514 2734 iubet:
562 2671 695 2734 Gaudet
710 2691 814 2751 regno
830 2671 994 2734 Troianus
1010 2672 1163 2746 Acestes,

315 2774 501 2856 Indicitque
519 2775 628 2836 forum
645 2783 679 2836 et
695 2775 845 2856 patribus
862 2775 920 2837 dat
934 2774 1005 2837 iura
1020 2775 1156 2836 vocatis

313 2879 400 2941 Tum
416 2878 525 2940 vicina
541 2878 638 2940 astris
657 2879 802 2962 Erycino
817 2879 851 2940 in
868 2878 991 2942 vertice
1008 2878 1104 2940 sedes

226 2992 273 3057 760
314 2982 489 3044 Fundatur
504 2981 631 3045 Veneri
649 2982 785 3056 Idaliae,
802 2982 996 3064 tumuloque
1012 2982 1168 3046 sacerdos

313 3085 366 3148 Ac
382 3086 476 3148 lucus
492 3085 558 3148 late
574 3105 668 3148 sacer
683 3086 815 3148 additur
832 3086 1013 3150 Anchiseo.

358 3189 495 3270 lamque
511 3189 583 3252 dies
599 3190 734 3270 epulata
751 3210 870 3254 novem
887 3210 971 3271 gens
988 3189 1104 3266 omnia,
1121 3199 1155 3252 et
1171 3189 1236 3253 aris

313 3292 437 3354 Factus
453 3293 579 3368 honos;
606 3293 727 3374 placidi
744 3303 931 3356 straverunt
947 3309 1092 3376 aequora
1107 3293 1209 3369 venti,

313 3395 438 3480 Creber
453 3405 487 3458 et
502 3396 678 3479 adspirans
694 3417 808 3460 rursus
823 3407 921 3462 vocat
937 3399 1064 3460 Auster
1079 3397 1113 3460 in
1130 3397 1243 3460 altum.

189 3536 193 3545 ·
224 3511 270 3576 765
314 3499 469 3562 Exoritur
487 3521 650 3580 procurva
666 3503 786 3582 ingens
803 3523 863 3582 per
878 3502 974 3565 litora
990 3501 1105 3576 fletus;

313 3603 486 3683 Complexi
502 3604 589 3666 inter
605 3624 640 3666 se
657 3615 856 3686 noctemque
872 3606 1028 3686 diemque
1045 3615 1226 3668 morantur.

315 3705 415 3782 Ipsae
432 3703 497 3764 iam
515 3715 646 3780 mattea,
664 3708 737 3787 Ipsi,
755 3707 874 3789 quibus
891 3729 1010 3789 aspera
1026 3709 1195 3790 quondam

314 3804 397 3866 Visa
412 3806 512 3865 maris
528 3807 631 3868 facies
647 3817 680 3870 et
695 3827 764 3869 non
780 3810 951 3874 tolerabile
967 3831 1098 3887 nomen,
