2796 4282
477 299 594 354 ussa
620 298 804 370 quassus
1132 311 1192 377 107

174 483 330 565 Desuper
346 481 537 556 infundam,
554 491 588 546 et
605 481 727 544 tonitru
743 480 872 544 caelum
889 501 988 546 omne
1004 479 1106 546 ciebo.

175 585 366 667 Diffugient
383 586 524 650 comites
541 595 573 648 et
589 595 687 648 nocte
704 593 859 666 tegentur
875 605 999 666 opaca;

173 688 376 771 Speluncam
397 689 487 752 Dido
504 689 569 752 dux
582 699 615 752 et
631 689 795 752 Troianus
811 689 951 752 eandem

92 820 134 873 125
175 793 373 859 Devenient.
423 793 538 858 Adero
556 803 598 868 et,
616 802 673 856 tua
690 793 717 856 si
734 793 814 856 mihi
832 803 922 857 certa
938 794 1101 870 voluntas,

173 899 324 963 Conubio
341 898 480 980 iungam
497 898 606 961 stabili
623 897 858 980 propriamque
874 898 1000 962 dicabo.

174 1004 237 1067 Hic
255 1005 464 1088 hymenaeus
481 1003 572 1066 erit.”
622 1003 699 1066 Non
716 1003 891 1066 adversata
908 1005 1034 1084 petenti

173 1108 310 1186 Adnuit,
330 1118 432 1190 atque
449 1107 534 1170 dolis
549 1107 620 1170 risit
637 1107 805 1192 Cytherea
819 1107 967 1190 repertis.

215 1317 392 1381 Oceanum
409 1315 536 1380 interea
553 1335 694 1396 surgens
711 1315 844 1378 Aurora
860 1315 998 1397 reliquit.

90 1447 132 1497 130
174 1421 206 1483 It
222 1421 328 1502 portis
345 1419 460 1482 iubare
477 1428 590 1482 exorto
607 1419 736 1483 delecta
752 1419 924 1495 iuventus;

172 1525 272 1587 Retia
288 1543 372 1598 rara,
391 1523 521 1605 plagae,
539 1522 606 1586 lato
622 1523 788 1588 venabula
805 1523 903 1597 ierro,

173 1623 383 1712 Massylique
399 1636 499 1690 ruunt
516 1627 644 1709 equites
660 1637 693 1691 et
710 1628 811 1690 odora
828 1647 946 1690 canum
963 1627 1022 1690 vis.

175 1731 340 1813 Reginam
357 1731 505 1794 thalamo
522 1740 735 1795 cunctantem
753 1731 794 1794 ad
812 1731 925 1795 limina
941 1731 1037 1813 primi

174 1838 359 1900 Poenorum
377 1845 582 1916 exspectant,
601 1846 757 1918 ostroque
774 1836 914 1917 insignis
930 1845 963 1900 et
980 1855 1059 1899 auro

88 1969 130 2020 ¹35
175 1942 247 2006 Stat
264 1940 400 2023 sonipes
417 1960 455 2003 ac
468 1941 565 2004 irena
581 1941 675 2004 ferox
691 1941 879 2022 spumantia
896 1941 1031 2002 mandit.

172 2045 323 2108 Tandem
342 2044 561 2127 progreditur,
579 2065 701 2126 magna
718 2045 864 2126 stipante
879 2053 1021 2119 caterva,

174 2149 344 2213 Sidoniam
362 2148 451 2230 picto
467 2149 678 2234 chlamydem
695 2149 897 2212 circumdata
915 2149 1024 2212 limbo,

173 2254 234 2318 Cui
252 2255 408 2335 pharetra
424 2273 462 2316 ex
480 2273 569 2330 auro,
586 2254 695 2317 crines
711 2254 878 2317 nodantur
894 2253 926 2315 in
944 2273 1070 2330 aurum,

172 2359 286 2421 Aurea
303 2377 506 2440 purpuream
523 2357 689 2422 subnectit
707 2358 806 2421 fibula
823 2367 960 2420 vestem.

90 2490 132 2536 140
174 2463 329 2525 Necnon
347 2471 381 2525 et
399 2462 533 2546 Phrygii
549 2463 687 2526 comites
705 2472 738 2526 et
754 2449 860 2525 laetus
879 2460 971 2524 Iulus

173 2567 347 2630 Incedunt.
397 2567 475 2648 lpse
492 2576 570 2630 ante
587 2567 668 2630 alios
685 2567 926 2648 pulcherrimus
942 2587 1058 2630 omnes

173 2671 280 2734 Infert
296 2691 332 2734 se
349 2670 473 2734 socium
492 2672 628 2734 Aeneas
646 2682 745 2754 atque
762 2670 896 2752 agmina
912 2670 1026 2751 iungit.

86 2840 91 2853 ,
173 2774 288 2856 Qualis
305 2773 361 2838 ubi
378 2775 550 2838 hibernam
570 2776 707 2860 Lyciam
725 2774 918 2856 Xanthique
935 2774 1059 2838 fluenta

173 2878 305 2942 Deserit
321 2899 360 2942 ac
379 2879 500 2942 Delum
518 2890 701 2942 maternam
718 2879 829 2942 invisit
846 2879 969 2960 Apollo

89 3009 131 3062 ¹45
174 2983 409 3065 Instauratque
425 2984 553 3060 choros
572 2984 728 3066 mixtique
745 2984 860 3047 altaria
876 2985 998 3047 circum

172 3088 356 3170 Cretesque
374 3089 595 3172 Dryopesque
613 3090 760 3152 fremunt
778 3088 922 3170 pictique
939 3088 1143 3171 Agathyrsi;

174 3193 251 3273 lpse
267 3192 355 3273 iugis
372 3193 495 3276 Cynthi
512 3193 670 3274 graditur,
689 3195 845 3276 mollique
861 3193 1017 3256 fluentem

174 3297 306 3358 Fronde
323 3297 441 3377 premit
459 3298 583 3360 crinem
601 3298 731 3378 fingens
748 3308 847 3379 atque
864 3298 1011 3379 implicat
1028 3316 1116 3371 auro,

173 3401 254 3462 Tela
272 3410 392 3463 sonant
410 3401 532 3464 umeris
545 3421 561 3461 ε-
577 3403 664 3464 haud
682 3402 736 3466 illo
754 3403 886 3484 segnior
903 3402 969 3464 ibat
1087 3391 1090 3399 ’

92 3531 134 3582 150
174 3504 318 3578 Aeneas,
336 3513 465 3567 tantum
482 3505 617 3586 egregio
634 3506 736 3570 decus
753 3508 856 3570 enitet
872 3526 936 3570 ore.

217 3609 397 3690 Postquam
414 3610 498 3672 altos
510 3620 645 3672 ventum
664 3610 697 3672 in
714 3621 844 3674 montes
861 3620 960 3692 atque
973 3609 1060 3672 invia
1074 3610 1185 3685 lustra,

175 3713 261 3776 Ecce
278 3713 381 3788 ferae,
399 3714 469 3777 saxi
484 3714 631 3778 deiectae
647 3716 780 3790 vertice,
798 3735 918 3796 caprae

173 3817 358 3880 Decurrere
375 3816 461 3898 iugis
471 3838 479 3895 ;
504 3817 569 3881 alia
584 3818 626 3880 de
643 3828 737 3900 parte
755 3829 907 3900 patentes
