2800 4286
471 289 587 342 LIBER
613 289 806 342 SEPTIMUS

89 497 132 534 120
169 471 371 536 Continuovu
384 469 498 545 Salve,
516 468 594 532 fatis
610 468 691 530 mihi
705 467 818 532 debita
833 468 939 545 tellus,

160 574 335 657 ·Vosque,”
355 573 412 648 ait,
433 578 483 635 “o
500 571 556 635 fidi
573 573 700 648 Troiae,
720 573 853 648 salvete,
874 573 1033 636 Penates!

173 679 234 742 Hic
246 679 379 754 domus,
393 679 477 740 haec
492 676 597 758 patria
609 686 668 739 est.
701 676 840 741 Genitor
853 677 932 738 mihi
946 677 1023 740 talia
1037 695 1189 760 namque,

173 785 268 846 Nunc
283 792 413 864 repeto,
433 781 601 845 Anchises
619 781 762 870 latorum
779 800 901 844 arcana
916 781 1064 864 reliquit:
1170 855 1173 861 .

173 889 275 952 ‘Cum
291 898 336 963 te,
355 899 445 961 nate,
464 886 570 948 tames
586 886 700 966 ignota
715 885 758 948 ad
775 886 870 948 litora
886 897 1016 949 vectum
1101 925 1104 932 -

95 1013 135 1064 125
174 993 301 1056 Accisis
317 1001 419 1072 coget
435 990 576 1072 dapibus
592 1010 788 1054 consumere
806 1010 947 1066 mensas,

173 1099 256 1160 Tum
273 1116 411 1178 sperare
428 1095 545 1158 domos
561 1095 715 1158 defessus
732 1095 842 1177 ibique
860 1104 1026 1158 memento
1050 1119 1055 1126 ·

175 1201 280 1264 Prima
296 1202 407 1264 locare
425 1219 525 1261 manu
543 1199 715 1281 molirique
732 1219 855 1280 aggere
871 1199 979 1262 tecta!

174 1307 266 1369 Haec
279 1314 353 1368 erat
370 1305 426 1366 illa
444 1304 549 1367 iames
561 1296 578 1380 3v
594 1305 676 1378 haec
693 1324 754 1366 nos
771 1323 926 1386 suprema
943 1303 1108 1378 manebat,

174 1410 289 1473 Exitiis
308 1410 460 1490 positura
477 1408 620 1470 modum.

100 1540 137 1590 130
173 1514 285 1596 Quare
303 1514 394 1594 agite
412 1521 447 1575 et
462 1512 569 1591 primo
585 1513 662 1575 laeti
678 1532 753 1576 curn
771 1513 894 1574 lumine
911 1513 998 1586 solis

171 1618 266 1700 Quae
287 1618 371 1692 loca,
390 1617 489 1698 quive
508 1616 653 1679 habeant
673 1617 833 1690 homines,
852 1616 909 1678 ubi
926 1617 1056 1679 moenia
1072 1613 1189 1696 gentis

172 1723 396 1802 Vestigemus‚
414 1729 448 1782 et
464 1740 483 1782 a
500 1730 597 1802 portu
613 1719 743 1810 diversa
761 1731 921 1801 petamus.

173 1826 270 1888 Nunc
289 1834 426 1906 pateras
443 1824 542 1887 libate
562 1825 641 1900 lovi,
660 1824 880 1906 precibusque
897 1833 1012 1887 vocate

171 1930 346 1993 Anchisen
365 1928 559 2009 genitorem,
578 1937 612 1991 et
627 1928 705 1990 vina
722 1927 871 2010 reponite
888 1928 1042 1991 mensis”

99 2055 135 2108 135
215 2033 271 2098 Sic
287 2033 411 2096 deinde
428 2033 551 2095 effatus
569 2033 737 2096 frondenti
753 2041 904 2114 tempora
921 2053 1012 2095 ramo

175 2137 337 2220 implicat,
354 2147 389 2200 et
405 2137 614 2219 Geniumque
631 2137 693 2200 loci
710 2137 916 2218 primamque
932 2137 1068 2200 deorum

174 2242 342 2304 Tellurem
362 2241 606 2325 Nymphasque
622 2252 656 2304 et
671 2241 780 2304 adhuc
797 2243 911 2322 ignota
928 2252 1081 2323 precatur

176 2346 338 2421 Flumina,
355 2347 427 2408 tu'm
446 2345 589 2408 Noctem
608 2345 791 2427 Noctisque
807 2344 947 2409 orientia
963 2346 1059 2426 signa

177 2449 381 2531 Idaeumque
400 2449 514 2511 Iovem
533 2451 777 2533 Phrygiamque
794 2469 835 2512 ex
851 2449 965 2512 ordine
984 2451 1127 2512 Matrem

100 2577 139 2623 140
175 2551 319 2629 Invocat,
338 2563 372 2616 et
388 2553 539 2634 duplices
556 2554 724 2636 Caeloque
745 2554 920 2636 Ereboque
939 2563 1103 2636 parentes
1165 2595 1167 2599 ι

177 2657 241 2720 Hic
258 2667 353 2739 pater
370 2657 580 2739 omnipotens
597 2667 647 2720 ter
664 2658 756 2722 caelo
773 2658 882 2721 clarus
897 2657 939 2720 ab
956 2658 1023 2719 alto

177 2762 335 2836 Intonuit,
353 2760 520 2844 radiisque
537 2763 707 2825 ardentem
726 2761 808 2825 lucis
824 2771 857 2825 et
874 2782 953 2824 auro

178 2865 254 2947 lpse
271 2885 373 2928 manu
388 2867 540 2948 quatiens
557 2866 702 2929 ostendit
718 2866 760 2928 ab
777 2867 911 2929 aethere
927 2865 1057 2929 nubem.

178 2969 310 3032 Diditur
326 2971 380 3032 hic
398 2969 506 3032 subito
522 2971 667 3034 Troiana
684 2990 743 3052 per
761 2970 895 3052 agmina
911 2957 1030 3044 rumor,

102 3092 140 3145 ¹45
176 3073 364 3136 Advenisse
381 3074 478 3149 diem,
496 3095 561 3156 quo
578 3074 691 3137 debita
708 3076 837 3137 moenia
853 3074 1007 3137 condant.

178 3177 335 3240 Certatim
353 3178 541 3242 instaurant
557 3180 683 3258 epulas,
702 3188 802 3260 atque
819 3177 928 3240 omine
945 3197 1068 3258 magno

178 3281 330 3345 Crateras
346 3283 424 3345 laeti
440 3292 589 3346 statuunt
606 3292 639 3346 et
654 3284 732 3345 vina
749 3291 918 3346 coronant.

222 3387 357 3449 Postera
370 3405 445 3449 cum
462 3386 569 3469 prima
585 3386 746 3450 lustrabat
769 3386 924 3468 lampade
940 3396 1045 3449 terras

179 3489 261 3554 Orta
277 3491 358 3566 dica
376 3491 491 3554 urbem
507 3500 542 3554 et
557 3492 640 3555 fines
656 3500 691 3554 et
705 3490 802 3554 litora
818 3491 928 3571 gentis
1103 3473 1105 3478 ¹

106 3614 144 3662 ¹50
181 3595 312 3658 Diversi
325 3595 516 3676 explorant:
541 3595 623 3659 haec
640 3595 744 3658 fontis
760 3604 879 3675 stagna
897 3592 1038 3668 Numici,

181 3699 280 3762 Hunc
296 3699 460 3782 Thybrim
478 3699 623 3775 fluvium,
642 3698 695 3761 hic
712 3698 816 3761 fortes
833 3697 982 3759 habitare
999 3697 1146 3759 Latinos.

179 3803 264 3864 Tum
281 3811 375 3866 satus
392 3802 543 3865 Anchisa
559 3803 707 3865 delectos
724 3802 838 3864 ordine
855 3799 896 3861 ab
913 3799 1002 3861 omni
