2816 4282
493 327 610 380 LIBER
636 326 810 380 DECIMUS

91 523 130 577 415
167 501 302 566 Elatam
321 505 360 568 in
378 506 556 586 iugulum;
582 525 659 568 saxo
676 506 753 568 ferit
769 525 827 568 ora
843 506 1015 582 Thoantis,

164 606 328 690 Ossaque
348 609 515 690 dispersit
531 609 666 672 cerebro
684 611 846 691 permixta
863 619 1008 690 cruento.

165 711 251 774 Fata
268 734 406 777 canens
425 712 518 776 silvis
535 713 663 794 genitor
680 715 804 776 celarat
822 715 1026 780 Halaesum:

166 816 215 880 Ut
231 819 356 881 senior
373 819 442 880 leto
459 819 614 880 canentia
630 817 755 880 lumina
771 819 877 895 solvit,

167 920 329 985 Iniecere
348 942 488 984 manum
506 923 627 1010 ¹Parcae
643 923 784 1004 telisque
801 934 973 987 sacrarunt

87 1045 131 1092 420
167 1025 339 1088 Euandri.
388 1027 502 1108 Quem
519 1025 564 1089 sic
583 1027 690 1088 Pallas
708 1027 790 1107 petit
807 1038 884 1090 ante
901 1040 1074 1110 precatus:

168 1131 258 1192 “Da
276 1151 382 1206 nunc,
401 1129 531 1213 Thybri
549 1141 651 1211 pater,
670 1132 769 1206 ferro,
787 1133 876 1213 quod
893 1133 1016 1196 missile
1033 1133 1124 1209 libr0‚

170 1233 365 1298 Fortunam
383 1244 486 1315 atque
502 1234 589 1296 viam
605 1234 679 1296 duri
695 1255 754 1316 per
771 1247 888 1316 pectus
907 1237 1054 1300 Halaesi.

173 1338 274 1402 Haec
293 1359 390 1402 arma
405 1339 607 1422 exuviasque
619 1339 684 1401 vviri
700 1350 757 1402 tua
774 1360 915 1422 quercus
932 1341 1097 1404 habebit.’'

173 1443 299 1506 Audiit
316 1444 373 1506 illa
390 1443 490 1518 deus;
515 1443 594 1506 dum
611 1445 691 1507 texit
709 1445 847 1507 Imaona
866 1446 1043 1522 Halaesus,

92 1566 134 1619 425
175 1547 330 1611 Arcadio
347 1548 464 1610 infelix
480 1549 546 1611 telo
562 1549 620 1610 dat
636 1559 753 1630 pectus
766 1551 938 1612 inermum.

223 1653 271 1715 At
289 1673 358 1715 non
375 1652 479 1715 caede
495 1654 555 1714 viri
571 1662 664 1716 tanta
681 1652 856 1735 perterrita
874 1655 1013 1729 Lausus,

179 1755 260 1820 Pars
277 1757 402 1838 ingens
418 1756 504 1844 belli,
523 1757 600 1820 sinit
616 1759 769 1838 agmina,
794 1760 920 1838 primus
936 1759 1104 1822 Abantem

180 1860 388 1942 Oppositum
405 1861 579 1936 interemit,
599 1881 732 1943 pugnae
749 1862 938 1944 nodumque
955 1883 1156 1946 moramque.

183 1965 350 2028 Sternitur
370 1965 534 2028 Arcadiae
551 1966 670 2046 proles,
689 1975 881 2030 sternuntur
899 1967 1039 2043 Etrusci,

99 2087 144 2137 430
185 2070 225 2131 Et
241 2090 312 2145 vos
331 2089 350 2132 o
368 2069 466 2132 Grais
482 2069 658 2150 imperdita
674 2090 822 2152 corpora,
840 2071 970 2134 Teucri.

184 2173 333 2255 Agmina
349 2184 552 2236 concurrunt
568 2174 773 2256 ducibusque
790 2185 823 2238 et
839 2175 963 2239 viribus
979 2177 1111 2259 aequis;

186 2278 333 2340 Extremi
350 2277 535 2340 addensent
551 2278 648 2354 acies,
667 2299 727 2342 nec
744 2279 841 2341 turba
858 2279 983 2342 moveri

184 2382 265 2444 Tela
282 2401 469 2463 manusque
486 2381 572 2444 sinit.
622 2383 711 2446 Hinc
730 2383 838 2446 Pallas
854 2383 956 2446 instat
972 2394 1004 2446 et
1021 2393 1126 2466 urget,

185 2485 274 2548 Hinc
292 2496 409 2549 contra
429 2486 568 2561 Lausus,
587 2507 648 2550 nec
666 2488 806 2550 multum
823 2488 990 2570 discrepat
1007 2499 1107 2564 aetas,

105 2609 148 2663 ⁴35
184 2589 323 2670 Egregii
340 2590 467 2666 forma;
492 2591 550 2652 sed
567 2591 640 2674 quis
657 2592 792 2654 fortuna
808 2602 947 2672 negarat

183 2694 223 2754 In
241 2694 385 2775 patriam
402 2693 535 2757 reditus.
585 2696 681 2776 Ipsos
698 2715 894 2759 concurrere
911 2717 1030 2778 passus

184 2798 286 2860 Haud
303 2807 415 2860 tamen
433 2799 518 2861 inter
535 2819 569 2862 se
586 2800 699 2881 magni
715 2811 872 2880 regnator
888 2801 1045 2885 Olympi;

184 2903 264 2964 Mox
280 2902 354 2965 illos
371 2923 431 2964 sua
448 2904 518 2966 fata
534 2913 671 2967 manent
687 2903 809 2967 maiore
826 2904 886 2966 sub
905 2906 1009 2968 hoste.

228 3007 362 3070 Interea
378 3027 470 3070 soror
486 3009 574 3070 alma
589 3018 703 3071 monet
719 3010 895 3072 succedere
915 3010 1026 3073 Lauso

104 3131 147 3178 440
183 3110 345 3186 Turnum,
363 3112 420 3194 qui
436 3113 559 3176 volucri
575 3133 673 3176 curru
690 3113 834 3175 medium
852 3124 943 3176 secat
959 3134 1089 3195 agmen.

134 3267 138 3276 .
183 3216 232 3278 Ut
247 3215 329 3279 vidit
345 3216 470 3279 socios:
497 3217 674 3298 “Tempus
690 3218 851 3281 desistere
869 3239 1021 3298 pugnae;

184 3319 282 3382 Solus
299 3340 363 3400 ego
381 3319 412 3381 in
432 3321 581 3384 Pallanta
597 3323 695 3397 feror,
713 3322 774 3384 soli
790 3322 869 3384 mihi
888 3323 996 3384 Pallas

185 3423 353 3500 Debetur3
379 3443 535 3506 cuperem
552 3426 623 3507 ipse
642 3445 762 3508 parens
779 3435 947 3506 spectator
963 3427 1126 3490 adesset.’'

185 3527 279 3590 Haec
297 3527 351 3603 ait,
370 3538 403 3590 et
419 3529 499 3592 socii
515 3541 686 3594 cesserunt
702 3551 846 3613 aequore
862 3532 960 3594 iusso.

104 3651 145 3704 445
184 3631 240 3707 At,
261 3631 421 3694 Rutulum
440 3633 606 3708 abscessu,
624 3635 751 3698 iuvenis
768 3644 837 3696 tum
855 3636 945 3697 iussa
961 3635 1105 3717 superba

185 3735 328 3798 Miratus
352 3746 463 3818 stupet
479 3737 511 3800 in
529 3739 654 3814 Turno,
672 3759 859 3820 corpusque
876 3759 936 3820 per
951 3739 1070 3821 ingens

184 3839 330 3902 Lumina
345 3840 456 3917 volvit,
474 3841 608 3924 obitque
625 3842 710 3905 truci
727 3843 843 3923 procul
858 3845 970 3907 omnia
986 3843 1068 3926 visu,
