2816 4282
218 279 281 342 304
575 267 734 321 venatu
760 268 960 322 nnumnos

216 463 263 526 645
307 449 395 512 Acta
411 447 532 524 tremit,
550 447 764 530 duplicatque
781 448 887 510 virum
904 448 1064 512 transfixa
1080 449 1201 513 dolore.

305 553 468 617 Funditur
484 561 555 616 ater
571 552 693 634 ubique
709 573 824 628 cruor;
849 553 930 616 dant
946 553 1066 616 lunera
1081 553 1170 618 ferro

304 659 489 732 CertanteS,
507 657 747 739 pulchramque
764 666 882 738 petunt
899 677 958 738 per
973 657 1112 720 vulnera
1128 666 1269 720 mortem.

348 761 396 824 At
413 761 540 824 medias
556 761 641 824 inter
658 761 778 824 caedes
795 762 938 824 exsultat
954 762 1117 838 Amazon,

305 867 420 931 Unum
437 875 568 929 exserta
584 865 671 928 latus
687 885 831 947 pugnae,
850 866 1043 946 pharetrata
1057 865 1216 940 Camilla;

216 983 265 1047 656
308 971 351 1032 Et
367 990 456 1033 nunc
473 971 563 1033 lenta
580 988 680 1032 manu
697 989 861 1051 spargens
878 970 1010 1056 hastilia
1025 971 1154 1046 denset,

306 1074 404 1138 Nunc
421 1074 565 1137 validam
582 1074 698 1137 dextra
714 1074 801 1156 rapit
818 1075 987 1138 indelessa
1004 1074 1205 1156 bipennem;

305 1179 439 1241 Aureus
455 1199 495 1241 ex
511 1197 626 1241 umero
643 1187 741 1241 sonat
757 1199 854 1241 arcus
870 1189 904 1241 et
918 1198 1010 1242 arma
1029 1178 1170 1241 Dianae.

305 1283 367 1345 Illa
382 1282 492 1358 etiam,
511 1282 688 1364 siquando
705 1283 739 1344 in
755 1291 885 1364 tergum
902 1283 998 1364 pulsa
1014 1282 1162 1358 recessit,

305 1385 441 1467 Spicula
456 1405 618 1449 converso
635 1386 800 1467 fugientia
816 1386 936 1467 derigit
951 1406 1038 1449 arcu.

215 1502 262 1567 655
305 1491 353 1553 At
370 1492 492 1554 circum
509 1491 615 1554 lectae
632 1492 779 1565 comiteS,
800 1491 987 1572 Larinaque
1004 1492 1098 1571 virgo

304 1594 468 1676 Tullaque
483 1604 516 1657 et
532 1604 679 1657 aeratam
697 1594 850 1676 quatiens
866 1595 1009 1676 Tarpeia
1026 1595 1181 1671 securim,

306 1699 451 1773 Italides,
470 1718 553 1780 quas
569 1698 641 1779 ipsa
658 1699 760 1761 decus
777 1698 839 1760 sibi
855 1699 909 1760 dia
926 1698 1066 1762 Camilla

304 1803 448 1882 Delegit,
466 1802 624 1884 pacisque
641 1802 747 1866 bonas
763 1802 907 1884 bellique
924 1801 1109 1866 ministras:

304 1907 430 1988 Quales
447 1906 621 1969 Threiciae
637 1926 712 1969 curn
730 1906 867 1969 flumina
884 1906 1143 1969 Thermodontis

214 2025 262 2074 660
305 2011 441 2073 Pulsant
457 2020 490 2073 et
507 2010 604 2091 pictis
621 2009 787 2073 bellantur
804 2010 993 2074 Amazones
1009 2012 1118 2086 armis,

304 2116 371 2179 Seu
389 2116 512 2178 circum
531 2115 751 2199 Hippolyten,
769 2135 920 2178 seucum
937 2134 973 2178 se
991 2114 1111 2178 Martia
1129 2135 1229 2178 curru

305 2219 513 2282 Penthesilea
529 2219 641 2294 refert,
660 2239 848 2301 magnoque
865 2219 1012 2282 ululante
1028 2220 1173 2282 tumultu

304 2322 465 2385 Feminea
480 2323 648 2386 exsultant
665 2323 786 2386 lunatis
803 2323 937 2404 agmina
954 2322 1061 2404 peltis.

351 2427 460 2508 Quem
477 2428 544 2490 telo
560 2429 714 2508 primum,
732 2447 830 2509 quern
848 2436 1062 2508 postremum,
1080 2445 1201 2509 aspera
1217 2427 1317 2508 virgo,

214 2544 261 2608 665
308 2532 430 2606 Deicis,
449 2541 507 2593 aut
523 2541 604 2612 quot
620 2531 712 2593 humi
728 2531 902 2594 morientia
918 2551 1058 2612 corpora
1076 2530 1212 2594 lundis?

304 2637 457 2698 Euneum
476 2634 586 2718 Clytio
603 2636 746 2716 primum
764 2641 876 2716 patre;
901 2636 994 2698 cuius
1011 2644 1162 2716 apertum

304 2739 448 2802 Adversi
465 2740 564 2820 longa
581 2738 828 2802 transverberat
845 2739 953 2802 abiete
970 2749 1095 2820 pectus

304 2832 484 2924 Sanguinis
500 2843 554 2904 ille
571 2863 710 2906 vomens
727 2844 815 2906 rivos
831 2842 929 2919 cadit,
947 2854 1047 2925 atque
1063 2852 1235 2906 cruentam

304 2947 436 3010 Mandit
452 2949 600 3022 humum,
617 2946 828 3029 moriensque
845 2967 905 3010 suo
921 2966 957 3010 se
974 2947 1007 3009 in
1023 2946 1160 3010 vulnere
1175 2956 1294 3010 versat.

214 3065 261 3126 670
302 3053 390 3113 Tum
405 3052 517 3125 Lirim,
533 3053 766 3133 Pagasumque
779 3071 897 3133 super;
918 3071 1058 3132 quorum
1072 3051 1154 3114 alter
1171 3051 1317 3114 habenas

304 3155 457 3219 Suffosso
474 3155 643 3218 revolutus
660 3176 746 3237 equo
763 3156 842 3218 dum
859 3155 992 3235 colligit,
1010 3156 1093 3218 alter

304 3259 394 3322 Dum
411 3258 552 3322 subitae
570 3260 719 3322 dextram
738 3260 861 3322 labenti
877 3259 983 3322 tendit
997 3262 1169 3334 inermem,

304 3361 505 3444 Praecipites
524 3363 713 3446 pariterque
728 3374 837 3426 ruunt.
887 3363 952 3426 His
967 3364 1059 3427 addit
1075 3363 1272 3426 Amastrum

304 3465 533 3547 Hippotaden,
553 3469 766 3549 sequiturque
783 3467 979 3530 incumbens
995 3466 1125 3530 eminus
1142 3469 1240 3531 hasta

213 3582 261 3646 ⁶75
304 3572 477 3652 Tereaque
497 3571 795 3654 Harpalycumque
811 3581 845 3634 et
864 3572 1123 3652 Demophoonta
1136 3570 1313 3635 Chromim-

389 3691 472 3754 que;

302 3775 460 3855 Quotque
477 3775 598 3837 emissa
615 3796 715 3838 manu
732 3778 891 3840 contorsit
908 3778 1034 3859 spicula
1050 3777 1154 3860 virgo,
