2800 4286
202 294 265 357 226
509 335 512 341 -
559 297 717 352 vurcin
745 297 944 352 AENEIDOS

200 491 249 538 610
289 480 337 543 Ut
353 479 469 559 procul
485 488 518 541 et
534 478 645 558 gelido
662 486 825 541 secretum
842 477 977 540 flumine
994 476 1085 553 vidit,

286 582 425 646 Talibus
441 583 556 646 adfata
571 592 623 646 est
639 582 743 658 dictis
762 601 863 664 seque
880 582 998 644 obtulit
1015 581 1122 644 ultro:

289 692 306 718 “
319 687 371 749 En
389 687 540 768 perfecta
557 687 621 748 mei
638 685 802 768 promissa
819 685 970 766 coniugis
987 695 1057 747 arte

289 792 449 866 Munera;
474 810 517 852 ne
533 811 609 852 mox
625 799 681 853 aut
699 791 894 864 Laurentes
912 797 999 864 nate,
1017 789 1192 869 superbos

288 895 359 957 Aut
374 915 485 957 acrem
503 893 634 956 dubites
651 893 684 955 in
702 893 828 974 proelia
845 913 983 974 poscere
999 893 1186 956 Turnum.”

199 1011 245 1074 615
333 999 424 1061 Dixit
440 1009 473 1061 et
490 985 663 1080 amplexus
680 997 749 1059 nati
766 997 933 1082 Cytherea
950 999 1085 1079 petivit;

287 1103 393 1165 Arma
409 1104 471 1166 sub
488 1103 627 1165 adversa
645 1102 755 1184 posuit
772 1101 935 1163 radiantia
951 1121 1084 1182 quercu.

288 1207 357 1282 Ille,
375 1207 457 1270 deae
473 1206 569 1270 donis
586 1216 619 1270 et
635 1216 728 1269 tanto
745 1207 851 1292 laetus
870 1207 1005 1280 honore,

288 1311 424 1392 Expleri
439 1311 553 1393 nequit
569 1321 668 1392 atque
685 1313 800 1373 oculos
816 1329 876 1391 per
893 1309 1023 1391 singula
1040 1311 1153 1386 volvit,

288 1415 494 1497 Miraturque
511 1415 662 1496 interque
678 1435 798 1478 manus
814 1426 848 1478 et
863 1415 1019 1478 bracchia
1035 1425 1147 1477 versat

199 1531 247 1578 620
287 1518 481 1582 Terribilem
499 1518 605 1582 cristis
623 1519 753 1599 galeam
770 1519 988 1600 flammasque
1004 1528 1206 1595 vomentem,

288 1623 539 1705 Fatilerumque
556 1643 680 1698 ensem,
698 1622 834 1686 loricam
850 1643 891 1686 ex
906 1643 982 1685 aere
999 1624 1173 1704 rigentem,

187 1795 189 1799 ,
287 1726 522 1808 Sanguineam,
540 1726 722 1808 ingentem,
741 1726 848 1808 qualis
865 1747 940 1790 cum
957 1727 1090 1789 caerula
1107 1727 1214 1790 nubes

287 1830 373 1894 Solis
389 1830 568 1894 inardescit
584 1831 684 1894 radiis
703 1831 868 1913 longeque
887 1831 1050 1912 refulget;

286 1937 372 1997 Tum
389 1935 479 1999 leves
495 1955 609 1998 ocreas
626 1935 749 1998 electro
766 1955 912 2017 auroque
929 1945 1069 2010 recocto,

198 2050 244 2114 625
287 2039 506 2120 Hastamque,
524 2049 557 2102 et
573 2039 670 2120 clipei
686 2060 755 2115 non
772 2039 957 2102 enarrabile
973 2049 1109 2102 textum.

330 2143 402 2205 Illic
418 2161 471 2206 res
489 2143 592 2205 Italas
611 2145 906 2225 Romanorumque
923 2143 1119 2224 triumphos

287 2246 389 2308 Haud
406 2256 518 2309 vatum
535 2247 671 2326 ignarus
688 2247 885 2328 venturique
901 2247 1025 2309 inscius
1040 2247 1122 2323 aevi,

287 2351 427 2412 Fecerat
444 2349 659 2430 Ignipotens3
684 2350 750 2412 illic
767 2371 874 2431 genus
891 2370 989 2413 omne
1006 2351 1140 2414 futurae

286 2453 405 2534 Stirpis
422 2453 463 2515 ab
481 2453 638 2530 Ascanio,
659 2463 875 2535 pugnataque
892 2454 925 2516 in
943 2454 1057 2532 ordine
1073 2454 1169 2517 bella.

198 2569 251 2631 630·
288 2559 426 2620 Fecerat
443 2567 478 2620 et
493 2557 589 2620 viridi
604 2558 709 2620 fetam
728 2557 889 2621 Mavortis
905 2558 937 2620 in
955 2567 1050 2620 antro

286 2661 504 2725 Procubuisse
521 2662 651 2743 lupam;
676 2661 831 2743 geminos
846 2662 922 2725 huic
939 2663 1041 2724 ubera
1057 2657 1181 2725 circum

287 2765 418 2829 Ludere
435 2766 620 2847 pendentes
638 2786 767 2847 pueros,
785 2776 818 2828 et
835 2766 980 2829 lambere
997 2776 1137 2828 matrem

286 2869 496 2950 lmpavidos;
521 2869 611 2932 illam
628 2870 724 2933 tereti
740 2871 868 2934 cervice
885 2870 1006 2932 reflexa

287 2974 436 3036 Mulcere
452 2974 606 3050 alternoS,
625 2985 658 3038 et
675 2994 816 3056 corpora
833 2975 959 3054 fingere
976 2973 1097 3055 lingua.
1152 2987 1155 2992 “

197 3089 243 3154 635
330 3079 401 3140 Nec
413 3078 526 3159 procul
538 3077 614 3141 hinc
629 3080 770 3141 Romam
785 3062 818 3141 et
831 3088 944 3160 raptas
961 3078 1032 3141 sine
1049 3098 1139 3140 more
1158 3079 1299 3143 Sabinas

285 3183 452 3247 Consessu
468 3202 599 3258 caveae,
619 3183 749 3264 magnis
767 3183 979 3247 Circensibus
996 3182 1086 3258 actis,

284 3286 480 3360 Addiderat,
499 3287 674 3368 subitoque
691 3308 814 3350 novum
833 3307 1035 3367 consurgere
1050 3286 1175 3348 bellum

285 3391 470 3453 Romulidis
486 3389 651 3472 Tatioque
669 3393 740 3453 seni
758 3392 966 3472 Curibusque
983 3391 1126 3453 severis·
1152 3427 1154 3431 ·

284 3496 361 3557 Post
377 3494 464 3558 idem
481 3494 567 3557 inter
583 3515 618 3557 se
636 3495 743 3576 posito
760 3495 940 3558 certamine
956 3515 1063 3577 reges

196 3609 245 3670 640
284 3599 416 3661 Armati
434 3599 522 3661 Iovis
539 3609 616 3662 ante
634 3619 724 3661 aram
741 3609 940 3681 paterasque
957 3609 1108 3663 tenentes

284 3703 427 3794 Stabant
444 3711 476 3764 et
492 3722 587 3765 caesa
606 3703 790 3783 iungebant
805 3703 942 3766 foedera
960 3724 1068 3784 porca.

328 3807 430 3868 Haud
448 3807 561 3885 procul
578 3806 655 3869 inde
668 3808 751 3869 citae
766 3808 907 3870 Mettum
923 3808 956 3869 in
969 3808 1099 3870 diversa
1115 3808 1296 3890 quadrigae
