2822 4294
500 309 613 360 LIBER
639 309 786 362 PRIMUS

75 513 117 560 710
157 487 445 572 Flegrantesque
462 489 518 551 dei
533 488 642 550 vultus
660 487 879 572 simulataque
896 491 1005 568 verba,

157 592 368 675 Pallamque
386 603 420 656 et
438 602 563 674 pictum
581 599 698 655 crocei>
714 593 865 657 velamen
883 598 1034 660 acanthe.
1084 585 1087 592 ¹

158 697 358 778 Praecipue
375 697 503 772 infelix,
521 707 607 779 pesti
622 697 742 759 deveta
759 698 902 775 futurae,

158 802 304 883 Expleri
323 813 479 866 mentem
496 803 610 883 nequit
628 801 838 884 erdescitque
855 807 979 870 tuende

158 906 369 984 Phoenissa,
389 917 423 970 et
441 908 563 989 pariter
581 913 685 988 puers)
705 907 866 990 donisque
883 919 1040 976 movetur.

75 1037 117 1088 715
158 1011 223 1075 Ille
241 1012 305 1076 ubi
324 1014 506 1094 complexi]
526 1013 665 1074 Aeneae
684 1013 834 1096 colleque
851 1017 1011 1097 pependit

159 1117 205 1180 Et
222 1125 400 1200 megnum
417 1118 495 1180 falsi
510 1117 661 1199 implevit
679 1118 838 1199 geniteris
855 1128 1010 1196 amerem

160 1222 343 1303 Reginam
361 1224 453 1306 petit.
504 1225 598 1288 Haec
616 1225 727 1300 oculis,
746 1225 828 1288 haec
845 1235 978 1306 pectore
995 1235 1065 1290 toto

161 1325 311 1405 Haeret,
333 1340 368 1393 et
383 1330 551 1392 interdum
568 1330 696 1411 gremie
714 1330 815 1404 fovet,
834 1330 937 1394 inscia
954 1331 1043 1394 Dido

162 1415 328 1496 insideat
344 1443 490 1515 quantus
506 1435 647 1496 miserae
664 1434 755 1498 deus
804 1434 851 1496 At
869 1455 994 1498 memor
1009 1435 1064 1498 ille

80 1559 123 1605 720
161 1535 290 1600 Mitris
310 1537 487 1600 Acidaliae
505 1537 664 1619 paulatim
682 1538 814 1601 abolere
832 1538 1020 1622 Sychaeum

165 1639 308 1724 Incipit,
327 1652 361 1705 et
377 1650 453 1705 vive
468 1652 610 1724 temptat
628 1653 838 1724 praevertere
855 1651 967 1707 amere

165 1743 242 1806 Iam
262 1745 397 1828 pridem
416 1746 541 1809 resides
557 1747 686 1810 animes
704 1747 906 1829 desuetaque
922 1748 1031 1810 corda.

212 1849 401 1932 Postquam
419 1860 525 1932 prima
542 1851 636 1933 quies
654 1851 771 1932 epulis
791 1858 991 1934 mensaeque
1007 1860 1164 1927 remetae,

169 1951 332 2016 Creteras
349 1961 490 2035 megnes
508 1965 659 2018 statuunt
675 1965 708 2018 et
724 1965 802 2018 vina
818 1964 985 2019 corenant.

86 2077 128 2130 7²5
169 2056 226 2119 Fit
244 2058 408 2141 strepitiis
424 2066 530 2134 tectis,
549 2068 732 2142 vecemque
750 2079 809 2142 per
826 2060 937 2142 ampla
952 2060 1104 2122 volutant

170 2145 293 2239 Atria;
318 2163 511 2245 dependent
528 2164 641 2249 lychni
659 2164 870 2246 laqueeribus
887 2174 995 2227 aureis

172 2264 321 2342 Incensi,
338 2276 371 2331 et
389 2277 520 2330 noctem
538 2268 679 2332 flammis
698 2268 825 2331 fimelia
842 2270 987 2332 vincunt.

175 2369 243 2434 Hic
260 2379 378 2453 regina
393 2392 530 2453 gravem
547 2383 688 2454 gemmis
706 2381 852 2454 aureque
869 2373 1022 2455 poposcit

173 2473 403 2559 Implevitque
419 2485 510 2540 mere
526 2488 685 2560 pateram,
704 2498 804 2559 quam
823 2478 923 2540 Belus
939 2487 972 2540 et
988 2485 1104 2540 omnes

93 2599 136 2650 730
175 2563 208 2640 Ᾰ
227 2580 311 2642 Belo
327 2581 430 2658 soliti3
455 2591 524 2644 tum
542 2583 632 2644 iacta
649 2583 779 2644 silentia
795 2589 908 2644 tectis:

220 2689 239 2716 ‘⁶
253 2685 414 2766 Iuppiter,
432 2685 618 2768 hospitibus
635 2707 712 2748 nam
730 2693 763 2749 te
778 2686 857 2749 dare
874 2686 945 2748 iura
962 2688 1150 2769 loquuntur,

177 2787 282 2851 Hunc
297 2789 422 2852 laetum
439 2791 615 2874 Tyriisque
634 2790 721 2853 diem
740 2790 906 2873 Treiaque
923 2791 1082 2871 proiectis

178 2892 264 2956 Esse
279 2893 371 2968 veliS,
389 2903 587 2977 nostrdsque
606 2896 705 2958 huius
723 2896 913 2957 meminisse
930 2895 1082 2956 mineres

177 2997 279 3060 Adsit
295 2998 440 3062 laetitiae
458 2999 610 3063 Bacchus
629 3001 732 3075 dator,
752 3009 785 3062 et
801 2999 888 3062 bona
908 3000 1012 3073 Idn63

99 3121 139 3174 735
181 3101 225 3164 Et
241 3109 309 3177 νὸε,
326 3109 355 3178 ὀ,
374 3112 513 3180 coetum,
532 3105 633 3188 Tyrii,
653 3105 819 3167 celebrete
835 3103 1018 3166 faventes.'’

225 3206 325 3282 Dixit,
343 3215 376 3270 et
393 3208 425 3269 in
443 3217 592 3272 mensam
609 3210 743 3273 laticum
761 3209 874 3271 libevit
892 3208 1061 3282 honinem,

180 3311 362 3392 Primaque,
382 3311 491 3389 libete,
510 3322 753 3377 summotenus
770 3313 879 3393 attigit
896 3321 971 3387 ore;

179 3417 265 3479 Tum
284 3419 389 3483 Bitiae
407 3421 497 3484 dedit
514 3422 726 3504 increpitans
778 3421 838 3484 Ille
855 3420 996 3502 impiger
1013 3417 1123 3481 hausit

180 3522 402 3605 Spumantem
420 3536 578 3608 pateram,
597 3537 630 3589 et
647 3528 747 3608 plene
763 3533 798 3588 se
816 3526 937 3605 preluit
954 3531 1052 3599 aur63

103 3643 142 3694 740
180 3628 258 3690 Post
273 3629 328 3691 alii
344 3638 507 3710 proceres.
556 3632 692 3695 Cithare
708 3639 844 3693 crinitus
863 3631 962 3711 Iopis

180 3731 339 3795 Personat
357 3741 481 3810 aurete,
500 3735 610 3798 docuit
627 3755 724 3817 quem
744 3733 905 3824 maximus
923 3731 1029 3795 Atles.

180 3836 246 3898 Hic
263 3837 353 3900 canit
369 3847 535 3902 errantem
553 3839 665 3901 lunam
683 3838 829 3919 seriisque
845 3837 990 3908 labores;
