2822 4294
513 259 628 312 LIBER
654 259 799 314 PRIMUS

180 439 361 502 Prddimur
377 447 481 520 atque
499 437 592 500 Italis
609 438 707 518 longe
724 437 943 519 disiungimur
958 447 1032 504 (iris.

182 543 254 604 Hic
271 543 406 624 pietatis
423 541 557 604 honus?
581 550 627 604 sic
645 549 705 603 niis
721 541 754 604 in
773 549 905 623 sceptra
922 545 1106 625 repunis?”

230 633 300 712 Olli
317 645 495 709 subridens
512 644 682 706 hominum
701 655 791 707 sator
808 656 907 728 atque
924 647 1060 712 dedrum

93 779 139 832 ²53
181 756 303 830 Vultu,
321 760 388 835 qud
404 750 536 813 caelum
553 757 837 832 tempestatesque
857 761 997 831 serenat,

182 844 316 922 Oscula
333 857 448 919 libavit
465 862 571 930 natae,
589 855 708 918 dehinc
726 857 805 918 talia
823 858 929 922 iatur:

231 963 365 1024 “Parce
383 966 485 1034 metri,
505 959 682 1042 Cytherea,
701 966 836 1020 manent
853 959 990 1020 immuta
1005 965 1137 1020 tudrum

186 1065 276 1128 Fata
291 1065 359 1128 tibi.
411 1063 537 1126 Cernes
555 1062 671 1124 urbem
687 1071 721 1124 et
738 1062 901 1142 premissa
919 1061 1037 1122 Lavini

186 1167 334 1240 Moenia,
352 1165 595 1246 sublimemque
612 1164 701 1226 feres
718 1164 759 1225 ad
778 1164 886 1227 sidera
902 1165 985 1228 caeli

94 1281 141 1330 260
187 1269 447 1350 Magnanimum
465 1270 625 1344 Aenean3
650 1289 758 1350 neque
776 1275 829 1330 me
846 1270 1011 1332 sententia
1026 1270 1133 1333 vertit.

188 1374 256 1436 Hic
272 1373 385 1437 tibi-
396 1373 493 1436 fabor
505 1372 602 1449 enim,
617 1373 751 1455 quandd
766 1373 847 1435 haec
865 1380 899 1435 te
917 1380 996 1436 cura
1008 1373 1184 1449 remordet,

190 1477 341 1560 Longius
358 1487 392 1540 et
409 1475 545 1540 volvens
561 1478 704 1540 {atinum
722 1484 844 1539 arcana
862 1476 1055 1540 movebu-

191 1582 319 1644 Bellum
336 1581 459 1662 ingens
475 1590 568 1662 geret
586 1566 693 1656 italia,
712 1581 919 1662 populusque
937 1581 1065 1644 senices

191 1686 393 1760 Contundet,
412 1692 585 1766 minisque
602 1685 679 1747 viris
695 1694 729 1747 et
746 1684 877 1746 moenia
895 1692 1005 1765 pimet,

101 1801 148 1867 265
190 1789 303 1853 Tertia
320 1789 400 1852 dum
420 1789 517 1852 Latis>
532 1795 728 1869 regnantem
745 1788 863 1850 viderit
879 1795 998 1862 aestas

190 1894 369 1975 Ternaque
385 1891 575 1955 transierint
594 1893 725 1956 Rutulis
743 1882 880 1953 hiberna
898 1892 1050 1956 subactis.

191 1997 238 2058 At
254 2017 338 2078 puer
355 1995 533 2071 Ascanius
551 1996 604 2059 cui
620 2016 707 2059 nunc
725 2003 911 2077 cogndmen
931 1997 1003 2058 ima

192 2101 336 2163 Additur
347 2086 471 2163 -iius
486 2109 565 2176 erat,
584 2100 662 2162 dum
680 2107 732 2162 res
749 2099 839 2163 stetit
855 2086 918 2162 ilia
935 2107 1039 2181 regni>
1050 2138 1093 2148 -

192 2205 343 2286 Triginta
360 2212 500 2286 magnus
515 2204 686 2267 volvendis
707 2205 876 2266 mensibus
893 2203 989 2267 orbes

105 2333 151 2381 270
194 2309 340 2390 Imperii)
355 2308 509 2390 explebit,
527 2316 733 2390 regnumque
750 2308 791 2370 ab
808 2309 887 2370 sede
906 2309 1023 2370 Lavini

115 2441 121 2450 ¹
192 2413 397 2488 Transferet,
415 2423 447 2475 et
464 2413 598 2494 longam
616 2412 719 2474 multa
734 2422 767 2474 vi
783 2413 910 2475 muniet
926 2413 1059 2475 Albam.

237 2522 255 2548 “
269 2517 333 2580 Hic
349 2518 414 2578 iam
432 2526 631 2579 tercentum
649 2523 736 2578 tutus
754 2517 944 2598 regnabitur
961 2525 1066 2578 annds

193 2620 302 2684 Gente
319 2621 382 2683 sub
400 2621 578 2696 Hectorea,
596 2620 702 2683 denec
720 2628 834 2700 regina
851 2620 1006 2684 sacerdus

194 2725 303 2788 Marte
319 2724 431 2806 gravis
447 2724 615 2806 geminam
633 2731 728 2804 partu
748 2724 839 2786 dabit
853 2710 918 2786 iiia
934 2725 1069 2805 prdlem.

107 2854 152 2907 ²75
195 2829 278 2892 Inde
295 2830 394 2910 lupae
411 2829 505 2891 fulvi)
521 2830 658 2892 nutricis
675 2829 820 2910 tegmine
840 2829 946 2892 laetus

196 2933 356 2996 Rdmulus
373 2934 515 3014 excipiet
532 2941 675 3013 gentem,
694 2941 727 2994 et
746 2932 910 2995 Mavortia
926 2932 1047 2996 condet
1127 3008 1130 3014 Ι

196 3141 259 3203 His
276 3161 339 3222 ego
355 3161 417 3203 nec
433 3146 539 3204 metas
555 3147 664 3203 rerum
681 3160 742 3204 nec
758 3150 909 3222 tempora
926 3149 1031 3221 p6n65
1118 3195 1121 3201 .

195 3245 375 3326 Imperium
393 3245 465 3307 sine
481 3245 550 3307 fine
566 3244 650 3306 dedi.
699 3244 788 3326 Quin
806 3265 924 3325 aspera
942 3246 1036 3318 Iuni),

108 3361 153 3411 280
194 3349 290 3431 Quae
307 3368 398 3411 mare
413 3368 503 3412 nunc
519 3355 690 3429 terrasque
708 3356 796 3411 metu
814 3348 1009 3431 caelumque
1025 3349 1153 3429 fatigat,

195 3453 340 3516 Cdnsilia
356 3455 390 3516 in
407 3454 524 3516 melius
540 3453 673 3528 referet,
691 3460 889 3534 mecumque
906 3452 1032 3517 fovebit

196 3557 376 3632 Rdmands,
394 3564 503 3619 rerum
520 3556 680 3632 dominiis,
699 3567 900 3638 gentemque
917 3564 1075 3638 togatam.

239 3663 323 3726 “Sic
340 3660 507 3744 placitum.
554 3660 675 3724 Veniet
692 3661 803 3724 lustris
820 3659 1007 3724 labentibus
1025 3668 1125 3736 aetas,

196 3765 279 3830 Cum
296 3765 416 3828 domus
431 3764 591 3826 Assaraci
609 3764 761 3827 Phthiam
778 3765 950 3847 clarasque
969 3764 1131 3847 Mycenas
