2800 4286
205 281 266 342 262
559 285 716 338 VERGlLl
744 286 943 338 AENEIDOS

206 476 249 540 185
337 464 414 528 Non
430 484 493 545 ego
510 475 552 539 te,
573 465 733 546 Ligurum
750 465 867 527 ductor
884 465 1062 529 fortissime
1078 466 1175 542 bello,

291 570 504 644 Transierim,
523 570 656 653 Cinyra,
674 579 707 632 et
724 569 839 651 paucis
855 570 1010 632 comitate
1027 571 1176 651 Cupauo,

292 673 394 737 Cuius
411 673 557 736 olorinae
574 683 714 754 surgunt
731 674 772 736 de
788 673 911 737 vertice
929 693 1069 755 pennae,
1081 712 1125 721 -

291 778 426 842 Crimen
443 797 535 840 amor
552 788 696 840 vestrum
707 779 953 860 —formaeque
968 779 1100 860 insigne
1116 790 1289 862 paternae.

292 883 447 964 Namque
465 881 578 945 ferunt
594 883 684 945 luctu
702 883 854 967 Cycnum
873 883 1091 946 Phaethontis
1107 885 1220 959 amati,

206 1012 251 1059 190
293 988 457 1068 Populeas
473 988 558 1048 inter
575 987 711 1049 frondes
728 987 945 1070 umbramque
962 1007 1110 1050 sororum

292 1092 382 1154 Dum
399 1091 488 1154 canit
504 1100 538 1154 et
554 1102 717 1153 maestum
736 1092 835 1154 Musa
852 1091 976 1155 solatur
993 1111 1150 1168 amorem,

291 1196 477 1259 Canentem
495 1195 584 1257 molli
602 1197 715 1276 pluma
730 1196 863 1258 duxisse
879 1205 1057 1272 senectam,

291 1300 514 1382 Linquentem
531 1309 637 1362 terras
653 1309 687 1362 et
704 1299 813 1363 sidera
828 1320 910 1363 voce
927 1309 1130 1382 sequentem.

290 1404 402 1479 Filius,
421 1405 577 1485 aequales
595 1403 770 1467 comitatus
786 1403 892 1467 classe
910 1415 1071 1480 catervas

204 1530 248 1584 195
293 1511 470 1590 Ingentem
488 1507 586 1570 remis
604 1509 807 1571 Centaurum
825 1518 1016 1589 promovet;
1041 1509 1095 1572 ille

290 1614 399 1675 Instat
415 1633 521 1694 aquae
539 1632 720 1694 saxumque
737 1612 835 1675 undis
852 1613 995 1674 immane
1013 1613 1158 1677 minatur

289 1718 435 1792 Arduus
453 1726 486 1779 et
503 1718 603 1798 longa
620 1716 726 1779 sulcat
741 1717 845 1779 maria
862 1717 928 1779 alta
944 1717 1065 1780 carina.

335 1822 396 1884 Ille
412 1821 510 1884 etiam
530 1820 644 1901 patriis
661 1841 782 1901 agmen
799 1820 864 1883 ciet
881 1821 997 1885 Ocnus
1014 1821 1056 1883 ab
1073 1821 1148 1897 oris,

290 1925 461 1989 Fatidicae
481 1926 617 2013 Mantus
633 1934 667 1987 et
683 1925 785 1988 Tusci
802 1925 887 1987 filius
904 1925 1021 2001 amnis,

202 2054 250 2088 200
290 2030 357 2111 Qui
375 2050 484 2092 muros
502 2030 683 2110 matrisque
700 2029 791 2100 dedit
806 2028 874 2104 tibi,
895 2031 1044 2104 Mantua,
1062 2049 1195 2105 nomen,

290 2136 440 2209 Mantua,
459 2133 550 2196 dives
567 2134 654 2208 avis;
680 2133 738 2196 sed
756 2153 820 2195 non
839 2153 945 2214 genus
962 2133 1116 2196 omnibus
1132 2155 1252 2196 unum:

289 2240 379 2302 Gens
397 2238 442 2300 illi
458 2237 587 2318 triplex,
605 2238 719 2318 populi
737 2238 798 2300 sub
815 2248 915 2319 gente
933 2237 1103 2320 quaterni;

289 2343 370 2424 Ipsa
386 2351 486 2423 caput
503 2342 653 2422 populis;
678 2343 789 2404 Tusco
806 2342 847 2405 de
864 2342 1027 2423 sanguine
1043 2343 1139 2404 vires

290 2447 379 2509 Hinc
396 2466 530 2528 quoque
547 2447 748 2527 quingentos
765 2446 797 2507 in
815 2466 850 2508 se
868 2446 1054 2508 Mezentius
1071 2456 1188 2522 armat,

200 2575 246 2627 205
291 2551 385 2632 Quos
403 2560 497 2631 patre
516 2551 649 2612 Benaco
666 2550 795 2613 velatus
812 2551 973 2613 arundine
990 2551 1108 2632 glauca

289 2655 434 2718 Mincius
451 2654 574 2716 infesta
590 2653 734 2717 ducebat
750 2654 783 2716 in
801 2674 946 2736 aequora
964 2654 1051 2736 pinu.

289 2761 320 2821 It
336 2758 447 2839 gravis
465 2758 631 2833 Aulestes,
650 2768 857 2840 centenaque
875 2758 992 2821 arbore
1011 2759 1148 2822 fluctum

287 2863 451 2927 Verberat
467 2863 670 2943 adsurgens;
696 2873 854 2943 spumant
870 2863 956 2926 vada
974 2883 1136 2926 marmore
1153 2884 1257 2926 verso.

289 2970 390 3030 Hunc
406 2968 497 3030 vehit
515 2967 668 3030 immanis
684 2967 801 3030 Triton
818 2977 851 3030 et
867 2969 999 3030 caerula
1016 2968 1145 3030 concha

200 3097 247 3131 210
289 3074 468 3134 Exterrens
486 3071 589 3146 freta,
615 3071 667 3134 cui
683 3072 823 3134 laterum
840 3082 937 3134 tenus
953 3071 1085 3152 hispida
1102 3071 1197 3132 nanti

287 3178 395 3238 Frons
412 3175 579 3238 hominem
598 3175 754 3256 praefert,
773 3175 805 3237 in
822 3175 951 3257 pristim
968 3175 1090 3237 desinit
1104 3174 1217 3250 alvus;

288 3281 436 3362 Spumea
452 3279 607 3342 semifero
625 3279 686 3342 sub
704 3290 836 3360 pectore
855 3290 1037 3341 murmurat
1054 3279 1151 3341 unda.

330 3385 395 3447 Tot
411 3384 488 3447 lecti
505 3403 658 3465 proceres
675 3393 725 3446 ter
741 3383 834 3447 denis
851 3384 991 3446 navibus
1008 3384 1100 3446 ibant

287 3488 441 3553 Subsidio
457 3487 586 3563 Troiae,
604 3497 638 3551 et
654 3508 790 3569 campos
807 3487 884 3551 salis
901 3508 978 3551 aere
995 3487 1162 3551 secabant.

200 3719 246 3772 215
331 3699 468 3777 Iamque
486 3696 556 3758 dics
572 3697 664 3759 caelo
681 3707 900 3772 concesserat,
918 3697 1070 3778 almaque
1087 3717 1185 3760 curru

289 3799 475 3880 Noctivago
494 3798 626 3863 Phoebe
643 3799 786 3862 medium
804 3801 959 3884 pulsabat
972 3801 1165 3885 Olympum.
