2822 4294
209 295 252 362 60
574 301 731 356 VERGlLl
759 300 958 354 AENEIDOS

299 482 444 544 Dixerat.
493 481 564 558 Ille,
582 481 666 544 dolis
682 488 863 544 instructus
879 491 912 544 et
928 489 999 544 arte
1017 469 1165 562 Pelasga,

297 585 438 649 Sustulit
455 592 571 649 exutas
587 584 704 648 vinclis
720 585 764 647 ad
781 585 888 648 sidera
903 585 1054 666 palmes:

341 695 358 720 “
372 690 451 766 Ves,
469 698 597 752 aeterni
612 696 717 770 ignes,
735 698 768 752 et
785 696 851 751 nen
869 688 1021 752 violabile
1034 699 1179 753 vestrum

211 819 254 872 ¹55
296 794 417 856 Testor
429 800 554 856 numen
566 793 583 816 ’'
602 794 656 870 ait,
676 798 694 824 “
707 801 766 856 ves
782 799 858 856 erae
875 800 1038 876 ensesque
1056 794 1201 868 nefandi,

295 897 389 980 Ques
406 898 487 980 iugi,
506 899 674 980 vittaeque
691 897 800 972 deum,
818 904 901 980 quas
918 897 1026 960 hostia
1042 907 1151 978 gessi:

297 1003 362 1064 Fes
379 1001 458 1065 mihi
475 1002 649 1066 Greierum
667 1009 797 1065 sacreta
813 1002 977 1064 resolvere
993 1002 1074 1078 iura,

296 1107 362 1168 Fes
378 1106 487 1170 edisse
505 1108 602 1180 vires,
621 1116 721 1189 atque
737 1105 848 1169 omnia
864 1107 952 1170 ferre
969 1107 1030 1169 sub
1047 1114 1155 1182 aures,

295 1209 412 1292 Siqua
429 1220 548 1292 tegunt
561 1219 570 1286 ;’
594 1220 709 1274 teneor
726 1210 853 1293 patriae
870 1231 932 1274 nec
950 1209 1078 1292 legibus
1096 1212 1179 1274 ullis.

209 1327 254 1376 160
294 1314 346 1376 Tri
364 1315 462 1378 modo
480 1317 651 1397 promissis
669 1322 815 1391 mances
834 1322 1031 1396 servetaque
1048 1323 1159 1378 serves

294 1419 394 1481 Troia
411 1419 519 1495 fidem,
538 1429 566 1482 si
582 1427 659 1481 vera
677 1420 793 1496 leram,
811 1429 839 1482 si
855 1426 978 1501 megna
995 1420 1185 1500 rependam.

296 1627 438 1690 Palladis
455 1628 582 1691 auxiliis
601 1649 733 1710 semper
753 1627 852 1691 stetit.
902 1627 1030 1710 Impius
1046 1648 1085 1690 ex
1102 1635 1168 1709 quo

292 1732 439 1815 Tydides
456 1732 515 1795 sed
532 1734 620 1795 enim
638 1733 868 1815 scelerumque
885 1731 1038 1795 inventor
1055 1732 1180 1807 Ulixes

210 1849 251 1914 ¹65
295 1837 411 1899 Fetiale
429 1847 580 1918 aggressi
597 1844 726 1899 sacrate
743 1837 886 1900 evellere
902 1837 1028 1917 temple

294 1940 485 2016 Palladium,
504 1951 609 2003 caesis
623 1945 772 2004 summae
789 1940 983 2003 custodibus
1000 1940 1093 2015 arcis,

219 2097 222 2102 .
294 2044 491 2126 Corripuere
508 2065 636 2108 sacram
653 2044 806 2126 effigiem,
818 2045 1044 2126 manibusque
1061 2055 1207 2107 cruentis

293 2150 470 2229 Virginees
487 2159 560 2212 ausi
576 2150 671 2212 divae
690 2151 883 2232 contingere
901 2149 1009 2225 vittes

295 2253 344 2315 Ex
361 2253 416 2315 iiio
432 2252 534 2316 fluere
551 2274 589 2318 ac
607 2262 695 2316 tetre
712 2254 871 2336 sublapsa
889 2254 1007 2316 referri

208 2383 252 2430 170
296 2357 381 2438 Spes
400 2358 565 2434 Danaum,
585 2359 711 2422 fractae
729 2366 824 2434 vires
843 2365 960 2421 eversa
975 2358 1058 2421 deae
1074 2365 1178 2420 mens,

296 2462 368 2524 Nec
384 2461 492 2524 dubiis
509 2482 549 2524 ea
566 2472 662 2544 signa
678 2463 770 2526 dedit
786 2461 935 2526 Tritenia
952 2470 1115 2524 menstris.

293 2565 357 2628 Vix
374 2565 518 2647 positum
536 2577 653 2630 castris
671 2567 904 2630 simulacrum:
928 2573 1039 2629 arsere
1056 2573 1215 2629 'coruscae

295 2669 493 2732 Luminibus
511 2669 664 2734 flammae
681 2678 827 2746 arrectis,
848 2671 1021 2754 salsusque
1038 2691 1097 2752 per
1112 2677 1205 2733 artus

294 2773 402 2836 Sudor
417 2772 462 2849 iit,
480 2783 595 2857 terque
612 2775 686 2857 ipsa
702 2777 824 2838 solo—
837 2775 986 2838 mirebile
1002 2773 1091 2838 dictu
1104 2811 1145 2820 -

208 2903 251 2955 ¹75
296 2861 448 2953 Emicuit,
467 2898 683 2962 parmamque
699 2887 821 2961 gerens
843 2881 1041 2962 hastamque
1058 2889 1266 2942 trementem.

273 3004 278 3010 ·
339 2982 547 3063 “Extemplo
564 2985 761 3066 temptanda
778 2985 859 3065 iuge
877 2984 966 3047 canit
982 3003 1127 3065 aequora
1145 2983 1298 3058 Calchas

295 3085 367 3147 Nec
384 3106 481 3166 posse
499 3087 666 3168 Argolicis
684 3087 832 3150 exscindi
851 3089 1012 3168 Pergama
1028 3088 1110 3162 telis,

294 3173 416 3252 Omina
432 3199 466 3252 ni
482 3201 635 3273 repetant
653 3192 764 3273 Argis,
784 3198 974 3274 numenque
992 3192 1161 3266 reducant,

294 3291 392 3373 Quod
410 3293 531 3376 pelago
546 3304 579 3357 et
596 3305 704 3358 curvis
721 3303 834 3358 secum
851 3303 990 3359 evexere
1007 3304 1135 3358 carinis.

208 3407 252 3456 180
296 3395 339 3458 Et
355 3416 452 3472 nunc,
471 3398 559 3479 quod
577 3399 700 3480 patrias
717 3407 817 3463 vente
834 3399 957 3482 petiere
976 3400 1147 3484 Mycenes

184 3556 189 3564 .
293 3499 399 3562 Arma
415 3500 561 3584 deosque
579 3513 699 3583 parant
715 3504 861 3577 comites,
880 3504 1067 3586 pelagoque
1083 3510 1240 3566 remenso

295 3603 472 3683 Imprevisi
488 3605 638 3668 aderunt.
688 3608 740 3669 Ita
757 3608 877 3689 digerit
895 3607 1007 3672 emina
1023 3607 1174 3672 Calches.

297 3705 395 3766 Hanc
412 3713 472 3786 pre
489 3708 634 3770 Palladie
650 3711 773 3786 moniti,
792 3719 853 3792 pro
869 3712 1004 3775 mimine
1022 3712 1112 3774 laese

298 3808 450 3887 Effigiem
468 3819 621 3888 statuere,
639 3815 736 3878 nefes
752 3836 836 3898 quae
853 3825 946 3880 triste
963 3817 1076 3897 pieret.
