2852 4302
175 281 218 343 90

176 684 222 735 3²0

532 271 691 325 VERGlLl
718 273 918 326 AENElDOS

265 449 419 531 Excipit?
442 459 500 512 aut
516 470 602 533 quae
618 451 720 532 digna
736 451 816 514 satis
833 452 967 514 fortuna
982 450 1117 516 revisit?

265 553 421 617 Hectoris
439 555 686 630 Andromache,
706 555 853 640 Pyrrhin'
871 555 1013 619 conubia
1030 576 1143 619 servas
1155 557 1167 618 Ρ
1178 556 1197 582 ”

308 659 439 721 Deiecit
454 659 581 721 vultum
597 668 631 722 et
646 659 790 722 demissa
805 680 888 723 voce
904 661 1013 723 locuta
1029 669 1099 724 est:

265 762 325 826 “O
343 762 422 825 felix
439 783 504 824 una
521 772 597 825 ante
614 764 695 826 alias
713 764 875 828 Priameia
890 764 993 846 virgo,

266 866 432 929 Hostilem
449 867 491 929 ad
508 869 670 930 tumulum
688 868 809 931 Troiae
826 868 887 932 sub
900 866 1074 932 moenibus
1091 868 1167 931 altis

265 971 362 1032 Iussa
379 971 470 1046 mori,
488 991 574 1053 quae
590 972 725 1035 sortitus
742 993 808 1035 nou
826 973 961 1054 pertulit
977 973 1072 1048 ullos,

266 1075 338 1138 Nec
353 1074 487 1138 victoris
504 1074 550 1138 eri
566 1077 674 1158 tetigit
690 1076 822 1157 captiva
839 1077 965 1140 cubile!

266 1179 345 1254 NoS,
363 1179 469 1260 patria
485 1179 631 1254 incensa,
649 1180 780 1243 diversa
797 1201 856 1262 per
872 1201 1017 1264 aequora
1032 1190 1158 1256 vectae,

265 1282 384 1364 Stirpis
401 1283 575 1346 Achilleae
588 1285 696 1348 fastus
712 1285 932 1367 iuvenemque
948 1285 1139 1367 superbum,

267 1383 409 1450 Servitio
425 1389 550 1463 enixae,
568 1388 722 1463 tulimus;
747 1389 803 1470 qui
819 1388 950 1465 deinde,
968 1399 1102 1452 secutus

266 1491 432 1553 Ledaeam
453 1491 659 1555 Hermionen
678 1493 1027 1575 Lacedaemoniosque
1044 1494 1260 1576 hymenaeos

266 1597 324 1658 Me
344 1595 470 1658 famulo
487 1595 712 1678 famulamque
732 1598 865 1660 Heleno
882 1597 1064 1660 transmisit
1081 1597 1284 1660 habendam.
1385 1613 1388 1622 ’

266 1699 332 1761 Ast
348 1699 448 1775 illum,
467 1710 602 1781 ereptae
619 1720 741 1781 magno
758 1700 982 1763 inflammatus
998 1721 1109 1764 amore

222 1887 227 1895 ἱ
266 1803 426 1885 Coniugis
442 1813 475 1866 et
492 1805 653 1866 scelerum
673 1804 781 1867 Furiis
798 1805 943 1885 agitatus
960 1805 1098 1869 Orestes

268 1907 399 1988 Excipit
415 1909 584 1970 incautum
601 1909 791 1990 patriasque
807 1909 983 1972 obtruncat
999 1909 1041 1971 ad
1058 1929 1141 1972 aras.

267 2014 375 2075 Morte
394 2013 607 2094 Neoptolemi
623 2033 800 2094 regnorum
818 2013 946 2076 reddita
962 2013 1061 2076 cessit

267 2117 345 2178 Pars
364 2116 505 2192 Heleno,
523 2117 579 2198 qui
595 2117 764 2181 Chaonios
780 2117 979 2198 cognomine
995 2137 1132 2199 campos

266 2220 518 2301 Chaoniamque
535 2239 667 2284 omnem
685 2221 829 2284 Troiano
847 2242 866 2284 a
883 2222 1020 2286 Chaone
1037 2221 1126 2296 dixit,

266 2325 495 2406 Pergamaque
513 2324 715 2407 Iliacamque
731 2325 817 2406 iugis
834 2325 920 2388 hanc
937 2325 1063 2388 addidit
1079 2345 1199 2389 arcem.

267 2428 333 2492 Sed
349 2427 409 2490 tibi
425 2429 481 2510 qui
497 2448 628 2491 cursum
646 2429 745 2504 venti,
764 2449 849 2510 quae
866 2429 938 2491 fata
954 2429 1098 2492 dedere?

267 2532 337 2595 Aut
354 2533 504 2614 quisnam
522 2532 673 2613 ignarum
691 2533 812 2596 nostris
829 2533 911 2595 deus
927 2533 1056 2614 appulit
1071 2533 1160 2596 oris?

266 2635 356 2719 Quid
373 2657 455 2718 puer
472 2637 661 2700 Ascanius?
685 2647 865 2719 superatne
882 2647 916 2699 et
931 2638 1075 2700 vescitur
1091 2657 1181 2714 aura,

266 2741 376 2822 Quem
392 2739 452 2803 tibi
468 2740 532 2803 iam
549 2741 702 2803 Troia——

267 2846 383 2926 Ecqua
398 2854 510 2908 tamen
527 2865 631 2927 puero
648 2855 698 2909 est
715 2845 856 2908 amissae
873 2865 953 2908 cura
969 2845 1139 2927 parentis?

268 2948 396 3030 Ecquid
413 2950 446 3011 in
464 2949 634 3032 antiquam
648 2950 802 3012 virtutem
820 2948 1015 3032 animosque
1031 2949 1141 3013 viriles

268 3054 311 3116 Et
327 3064 422 3135 pater
439 3054 575 3117 Aeneas
592 3065 624 3117 et
641 3054 824 3117 avunculus
841 3053 965 3116 excitat
980 3054 1107 3117 Hector
1118 3053 1130 3115 ἓ
1141 3053 1159 3078 ”

309 3158 405 3220 Talia
421 3158 584 3221 fundebat
600 3157 776 3220 lacrimans
794 3158 979 3240 longosque
995 3157 1103 3220 ciebat

270 3262 442 3325 Incassum
461 3263 565 3336 fletus,
584 3282 658 3324 cum
677 3281 749 3324 sese
767 3281 785 3322 a
802 3261 977 3324 moenibus
994 3263 1092 3324 heros

268 3366 447 3429 Priamides
465 3366 575 3428 multis
594 3367 745 3428 Helenus
763 3366 999 3428 comitantibus
1015 3366 1134 3440 adfert,

267 3467 519 3549 Adgnoscitque
537 3487 623 3541 suos,
642 3467 815 3548 laetusque
832 3466 874 3528 ad
891 3465 1005 3528 limina
1020 3465 1119 3540 ducit,

269 3573 311 3633 Et
328 3571 467 3632 multum
484 3572 635 3634 lacrimas
653 3570 753 3633 verba
770 3572 856 3633 inter
873 3569 1005 3652 singula
1020 3569 1139 3632 fundit.

269 3674 425 3750 Procedo,
442 3685 475 3738 et
492 3696 627 3756 parvam
645 3675 779 3737 Troiam
798 3673 1017 3756 simulataque
1035 3674 1165 3756 magnis

181 3804 228 3855 350
270 3780 431 3860 Pergama
448 3790 480 3842 et
496 3789 645 3843 arentem
663 3779 790 3841 Xanthi
806 3779 1003 3859 cognomine
1019 3780 1126 3842 rivum
