<?xml version="1.0" encoding="UTF-8"?>
<!DOCTYPE html PUBLIC "-//W3C//DTD XHTML 1.0 Transitional//EN"
    "http://www.w3.org/TR/xhtml1/DTD/xhtml1-transitional.dtd">
<html xmlns="http://www.w3.org/1999/xhtml" xml:lang="en" lang="en">
 <head>
  <title>
</title>
<meta http-equiv="Content-Type" content="text/html;charset=utf-8" />
  <meta name='ocr-system' content='tesseract 3.04.00' />
  <meta name='ocr-capabilities' content='ocr_page ocr_carea ocr_par ocr_line ocrx_word'/>
</head>
<body>
  <div class='ocr_page' id='page_1' title='image "./virgilsaeneidbo00denngoog_0118.png"; bbox 0 0 2796 4282; ppageno 0'>
   <div class='ocr_carea' id='block_1_1' title="bbox 468 262 794 330">
    <p class='ocr_par' dir='ltr' id='par_1_1' title="bbox 468 262 794 330">
     <span class='ocr_line' id='line_1_1' title="bbox 468 262 794 330; baseline 0 -14"><span class='ocrx_word' id='word_1_1' title='bbox 468 262 584 316; x_wconf 72' lang='lat' dir='ltr'>eman</span> <span class='ocrx_word' id='word_1_2' title='bbox 610 263 794 330; x_wconf 75' lang='lat' dir='ltr'>Quhnrus</span> 
     </span>
    </p>
   </div>
   <div class='ocr_carea' id='block_1_2' title="bbox 87 443 1213 3866">
    <p class='ocr_par' dir='ltr' id='par_1_2' title="bbox 87 443 1213 3866">
     <span class='ocr_line' id='line_1_2' title="bbox 165 443 996 528; baseline 0 -20"><span class='ocrx_word' id='word_1_3' title='bbox 165 443 372 528; x_wconf 89' lang='lat' dir='ltr'>Exquirunt;</span> <span class='ocrx_word' id='word_1_4' title='bbox 391 453 542 507; x_wconf 86' lang='lat' dir='ltr'>mactant</span> <span class='ocrx_word' id='word_1_5' title='bbox 559 443 661 506; x_wconf 90' lang='lat' dir='ltr'>lectas</span> <span class='ocrx_word' id='word_1_6' title='bbox 678 444 719 506; x_wconf 91' lang='lat' dir='ltr'>de</span> <span class='ocrx_word' id='word_1_7' title='bbox 736 464 827 507; x_wconf 93' lang='lat' dir='ltr'>more</span> <span class='ocrx_word' id='word_1_8' title='bbox 844 443 996 508; x_wconf 87' lang='lat' dir='ltr'>bidentes</span> 
     </span>
     <span class='ocr_line' id='line_1_3' title="bbox 167 536 1006 633; baseline 0 -21"><span class='ocrx_word' id='word_1_9' title='bbox 167 549 343 630; x_wconf 86' lang='lat' dir='ltr'>Legiierae</span> <span class='ocrx_word' id='word_1_10' title='bbox 361 536 479 613; x_wconf 84' lang='lat' dir='ltr'>Cereri</span> <span class='ocrx_word' id='word_1_11' title='bbox 497 549 697 630; x_wconf 86' lang='lat' dir='ltr'>Phoeboque</span> <span class='ocrx_word' id='word_1_12' title='bbox 714 549 866 630; x_wconf 88' lang='lat' dir='ltr'>patrique</span> <span class='ocrx_word' id='word_1_13' title='bbox 884 550 1006 633; x_wconf 89' lang='lat' dir='ltr'>Lyae0,</span> 
     </span>
     <span class='ocr_line' id='line_1_4' title="bbox 167 652 982 732; baseline 0 -16"><span class='ocrx_word' id='word_1_14' title='bbox 167 653 283 716; x_wconf 92' lang='lat' dir='ltr'>Iunoni</span> <span class='ocrx_word' id='word_1_15' title='bbox 299 663 380 716; x_wconf 88' lang='lat' dir='ltr'>ante</span> <span class='ocrx_word' id='word_1_16' title='bbox 397 673 524 728; x_wconf 93' lang='lat' dir='ltr'>omnes,</span> <span class='ocrx_word' id='word_1_17' title='bbox 542 652 595 715; x_wconf 90' lang='lat' dir='ltr'>cui</span> <span class='ocrx_word' id='word_1_18' title='bbox 610 653 719 715; x_wconf 87' lang='lat' dir='ltr'>vincla</span> <span class='ocrx_word' id='word_1_19' title='bbox 735 652 858 732; x_wconf 89' lang='lat' dir='ltr'>iugalia</span> <span class='ocrx_word' id='word_1_20' title='bbox 875 673 982 716; x_wconf 88' lang='lat' dir='ltr'>curae.</span> 
     </span>
     <span class='ocr_line' id='line_1_5' title="bbox 166 757 1028 840; baseline 0 -19"><span class='ocrx_word' id='word_1_21' title='bbox 166 760 242 840; x_wconf 85' lang='lat' dir='ltr'>Ipsa</span> <span class='ocrx_word' id='word_1_22' title='bbox 256 768 380 822; x_wconf 89' lang='lat' dir='ltr'>tenens</span> <span class='ocrx_word' id='word_1_23' title='bbox 397 757 515 820; x_wconf 86' lang='lat' dir='ltr'>dextra</span> <span class='ocrx_word' id='word_1_24' title='bbox 531 766 680 838; x_wconf 86' lang='lat' dir='ltr'>pateram</span> <span class='ocrx_word' id='word_1_25' title='bbox 699 757 921 839; x_wconf 89' lang='lat' dir='ltr'>pulcherrima</span> <span class='ocrx_word' id='word_1_26' title='bbox 938 757 1028 821; x_wconf 93' lang='lat' dir='ltr'>Dido</span> 
     </span>
     <span class='ocr_line' id='line_1_6' title="bbox 167 861 993 936; baseline -0.004 -8"><span class='ocrx_word' id='word_1_27' title='bbox 167 863 347 928; x_wconf 87' lang='lat' dir='ltr'>Candentis</span> <span class='ocrx_word' id='word_1_28' title='bbox 364 882 489 924; x_wconf 90' lang='lat' dir='ltr'>vaccae</span> <span class='ocrx_word' id='word_1_29' title='bbox 506 862 614 924; x_wconf 88' lang='lat' dir='ltr'>media</span> <span class='ocrx_word' id='word_1_30' title='bbox 630 861 715 924; x_wconf 93' lang='lat' dir='ltr'>inter</span> <span class='ocrx_word' id='word_1_31' title='bbox 732 881 857 924; x_wconf 90' lang='lat' dir='ltr'>cornua</span> <span class='ocrx_word' id='word_1_32' title='bbox 872 862 993 936; x_wconf 88' lang='lat' dir='ltr'>fundit,</span> 
     </span>
     <span class='ocr_line' id='line_1_7' title="bbox 166 966 1018 1048; baseline 0 -18"><span class='ocrx_word' id='word_1_33' title='bbox 166 968 233 1030; x_wconf 86' lang='lat' dir='ltr'>Aut</span> <span class='ocrx_word' id='word_1_34' title='bbox 249 977 328 1030; x_wconf 88' lang='lat' dir='ltr'>ante</span> <span class='ocrx_word' id='word_1_35' title='bbox 345 988 405 1030; x_wconf 91' lang='lat' dir='ltr'>ora</span> <span class='ocrx_word' id='word_1_36' title='bbox 422 966 520 1029; x_wconf 91' lang='lat' dir='ltr'>deum</span> <span class='ocrx_word' id='word_1_37' title='bbox 537 968 680 1047; x_wconf 84' lang='lat' dir='ltr'>pingues</span> <span class='ocrx_word' id='word_1_38' title='bbox 697 966 859 1048; x_wconf 90' lang='lat' dir='ltr'>spatiatur</span> <span class='ocrx_word' id='word_1_39' title='bbox 876 967 916 1029; x_wconf 92' lang='lat' dir='ltr'>ad</span> <span class='ocrx_word' id='word_1_40' title='bbox 934 987 1018 1042; x_wconf 79' lang='lat' dir='ltr'>araS,</span> 
     </span>
     <span class='ocr_line' id='line_1_8' title="bbox 167 1070 1038 1154; baseline -0.002 -20"><span class='ocrx_word' id='word_1_41' title='bbox 167 1073 406 1154; x_wconf 88' lang='lat' dir='ltr'>Instauratque</span> <span class='ocrx_word' id='word_1_42' title='bbox 423 1070 511 1134; x_wconf 92' lang='lat' dir='ltr'>diem</span> <span class='ocrx_word' id='word_1_43' title='bbox 528 1071 633 1146; x_wconf 80' lang='lat' dir='ltr'>doniS,</span> <span class='ocrx_word' id='word_1_44' title='bbox 651 1071 883 1153; x_wconf 84' lang='lat' dir='ltr'>pecudumque</span> <span class='ocrx_word' id='word_1_45' title='bbox 900 1071 1038 1133; x_wconf 89' lang='lat' dir='ltr'>reclusis</span> 
     </span>
     <span class='ocr_line' id='line_1_9' title="bbox 169 1161 946 1256; baseline 0.001 -19"><span class='ocrx_word' id='word_1_46' title='bbox 169 1176 361 1239; x_wconf 87' lang='lat' dir='ltr'>Pectoribus</span> <span class='ocrx_word' id='word_1_47' title='bbox 377 1175 511 1238; x_wconf 84' lang='lat' dir='ltr'>inhians</span> <span class='ocrx_word' id='word_1_48' title='bbox 528 1174 687 1256; x_wconf 86' lang='lat' dir='ltr'>spirantia</span> <span class='ocrx_word' id='word_1_49' title='bbox 704 1161 847 1238; x_wconf 89' lang='lat' dir='ltr'>consulit</span> <span class='ocrx_word' id='word_1_50' title='bbox 863 1186 946 1238; x_wconf 85' lang='lat' dir='ltr'>exta.</span> 
     </span>
     <span class='ocr_line' id='line_1_10' title="bbox 208 1279 1128 1361; baseline -0.003 -18"><span class='ocrx_word' id='word_1_51' title='bbox 208 1282 285 1343; x_wconf 86' lang='lat' dir='ltr'>Heu</span> <span class='ocrx_word' id='word_1_52' title='bbox 302 1290 419 1343; x_wconf 86' lang='lat' dir='ltr'>vatum</span> <span class='ocrx_word' id='word_1_53' title='bbox 436 1281 573 1361; x_wconf 89' lang='lat' dir='ltr'>ignarae</span> <span class='ocrx_word' id='word_1_54' title='bbox 591 1280 737 1342; x_wconf 87' lang='lat' dir='ltr'>mentes!</span> <span class='ocrx_word' id='word_1_55' title='bbox 763 1279 841 1361; x_wconf 92' lang='lat' dir='ltr'>quid</span> <span class='ocrx_word' id='word_1_56' title='bbox 857 1288 934 1342; x_wconf 90' lang='lat' dir='ltr'>vota</span> <span class='ocrx_word' id='word_1_57' title='bbox 953 1280 1128 1354; x_wconf 84' lang='lat' dir='ltr'>furentem,</span> 
     </span>
     <span class='ocr_line' id='line_1_11' title="bbox 167 1383 1187 1467; baseline -0.001 -20"><span class='ocrx_word' id='word_1_58' title='bbox 167 1384 255 1467; x_wconf 85' lang='lat' dir='ltr'>Quid</span> <span class='ocrx_word' id='word_1_59' title='bbox 272 1385 413 1448; x_wconf 87' lang='lat' dir='ltr'>delubra</span> <span class='ocrx_word' id='word_1_60' title='bbox 430 1384 567 1447; x_wconf 86' lang='lat' dir='ltr'>iuvant?</span> <span class='ocrx_word' id='word_1_61' title='bbox 615 1385 676 1447; x_wconf 90' lang='lat' dir='ltr'>Est</span> <span class='ocrx_word' id='word_1_62' title='bbox 693 1383 809 1447; x_wconf 92' lang='lat' dir='ltr'>molles</span> <span class='ocrx_word' id='word_1_63' title='bbox 825 1384 959 1446; x_wconf 90' lang='lat' dir='ltr'>flamma</span> <span class='ocrx_word' id='word_1_64' title='bbox 976 1384 1137 1446; x_wconf 87' lang='lat' dir='ltr'>medullas</span> <span class='ocrx_word' id='word_1_65' title='bbox 1184 1440 1187 1446; x_wconf 90' lang='lat'>.</span> 
     </span>
     <span class='ocr_line' id='line_1_12' title="bbox 168 1488 986 1570; baseline -0.002 -18"><span class='ocrx_word' id='word_1_66' title='bbox 168 1491 310 1564; x_wconf 82' lang='lat' dir='ltr'>Interea,</span> <span class='ocrx_word' id='word_1_67' title='bbox 328 1498 362 1552; x_wconf 89' lang='lat' dir='ltr'>et</span> <span class='ocrx_word' id='word_1_68' title='bbox 378 1488 515 1551; x_wconf 86' lang='lat' dir='ltr'>tacitum</span> <span class='ocrx_word' id='word_1_69' title='bbox 532 1488 613 1551; x_wconf 93' lang='lat' dir='ltr'>vivit</span> <span class='ocrx_word' id='word_1_70' title='bbox 629 1488 690 1550; x_wconf 92' lang='lat' dir='ltr'>sub</span> <span class='ocrx_word' id='word_1_71' title='bbox 708 1498 841 1570; x_wconf 88' lang='lat' dir='ltr'>pectore</span> <span class='ocrx_word' id='word_1_72' title='bbox 856 1489 986 1550; x_wconf 88' lang='lat' dir='ltr'>vulnus.</span> 
     </span>
     <span class='ocr_line' id='line_1_13' title="bbox 168 1592 830 1674; baseline -0.005 -17"><span class='ocrx_word' id='word_1_73' title='bbox 168 1594 283 1657; x_wconf 92' lang='lat' dir='ltr'>Uritur</span> <span class='ocrx_word' id='word_1_74' title='bbox 299 1593 417 1656; x_wconf 85' lang='lat' dir='ltr'>infelix</span> <span class='ocrx_word' id='word_1_75' title='bbox 435 1592 523 1655; x_wconf 93' lang='lat' dir='ltr'>Dido</span> <span class='ocrx_word' id='word_1_76' title='bbox 539 1602 674 1674; x_wconf 88' lang='lat' dir='ltr'>totaque</span> <span class='ocrx_word' id='word_1_77' title='bbox 690 1602 830 1672; x_wconf 89' lang='lat' dir='ltr'>vagatur</span> 
     </span>
     <span class='ocr_line' id='line_1_14' title="bbox 168 1696 958 1779; baseline -0.001 -18"><span class='ocrx_word' id='word_1_78' title='bbox 168 1698 259 1762; x_wconf 85' lang='lat' dir='ltr'>Urbe</span> <span class='ocrx_word' id='word_1_79' title='bbox 277 1698 404 1770; x_wconf 84' lang='lat' dir='ltr'>furens,</span> <span class='ocrx_word' id='word_1_80' title='bbox 424 1696 530 1779; x_wconf 91' lang='lat' dir='ltr'>qualis</span> <span class='ocrx_word' id='word_1_81' title='bbox 547 1696 697 1759; x_wconf 86' lang='lat' dir='ltr'>coniecta</span> <span class='ocrx_word' id='word_1_82' title='bbox 714 1716 811 1759; x_wconf 89' lang='lat' dir='ltr'>cerva</span> <span class='ocrx_word' id='word_1_83' title='bbox 828 1697 958 1778; x_wconf 87' lang='lat' dir='ltr'>sagitta,</span> 
     </span>
     <span class='ocr_line' id='line_1_15' title="bbox 88 1801 1066 1883; baseline 0 -21"><span class='ocrx_word' id='word_1_84' title='bbox 88 1827 115 1873; x_wconf 89' lang='lat'>70</span> <span class='ocrx_word' id='word_1_85' title='bbox 165 1801 275 1883; x_wconf 83' lang='lat' dir='ltr'>Quam</span> <span class='ocrx_word' id='word_1_86' title='bbox 295 1801 411 1883; x_wconf 92' lang='lat' dir='ltr'>procul</span> <span class='ocrx_word' id='word_1_87' title='bbox 427 1801 594 1863; x_wconf 86' lang='lat' dir='ltr'>incautam</span> <span class='ocrx_word' id='word_1_88' title='bbox 612 1821 748 1864; x_wconf 88' lang='lat' dir='ltr'>nemora</span> <span class='ocrx_word' id='word_1_89' title='bbox 763 1802 849 1863; x_wconf 91' lang='lat' dir='ltr'>inter</span> <span class='ocrx_word' id='word_1_90' title='bbox 867 1802 981 1864; x_wconf 89' lang='lat' dir='ltr'>Cresia</span> <span class='ocrx_word' id='word_1_91' title='bbox 997 1802 1066 1863; x_wconf 84' lang='lat' dir='ltr'>fixit</span> 
     </span>
     <span class='ocr_line' id='line_1_16' title="bbox 167 1893 976 1987; baseline -0.002 -19"><span class='ocrx_word' id='word_1_92' title='bbox 167 1906 284 1968; x_wconf 88' lang='lat' dir='ltr'>Pastor</span> <span class='ocrx_word' id='word_1_93' title='bbox 302 1925 407 1986; x_wconf 89' lang='lat' dir='ltr'>agens</span> <span class='ocrx_word' id='word_1_94' title='bbox 424 1893 508 1980; x_wconf 88' lang='lat' dir='ltr'>telis,</span> <span class='ocrx_word' id='word_1_95' title='bbox 526 1905 686 1987; x_wconf 89' lang='lat' dir='ltr'>liquitque</span> <span class='ocrx_word' id='word_1_96' title='bbox 702 1905 835 1967; x_wconf 92' lang='lat' dir='ltr'>volatile</span> <span class='ocrx_word' id='word_1_97' title='bbox 851 1906 976 1967; x_wconf 84' lang='lat' dir='ltr'>ferrum</span> 
     </span>
     <span class='ocr_line' id='line_1_17' title="bbox 168 2009 987 2091; baseline -0.002 -19"><span class='ocrx_word' id='word_1_98' title='bbox 168 2009 331 2084; x_wconf 90' lang='lat' dir='ltr'>Nescius;</span> <span class='ocrx_word' id='word_1_99' title='bbox 357 2009 413 2072; x_wconf 89' lang='lat' dir='ltr'>illa</span> <span class='ocrx_word' id='word_1_100' title='bbox 430 2010 512 2090; x_wconf 84' lang='lat' dir='ltr'>iuga</span> <span class='ocrx_word' id='word_1_101' title='bbox 529 2009 627 2072; x_wconf 90' lang='lat' dir='ltr'>silvas</span> <span class='ocrx_word' id='word_1_102' title='bbox 644 2010 815 2091; x_wconf 87' lang='lat' dir='ltr'>saltusque</span> <span class='ocrx_word' id='word_1_103' title='bbox 832 2018 987 2090; x_wconf 87' lang='lat' dir='ltr'>peragrat</span> 
     </span>
     <span class='ocr_line' id='line_1_18' title="bbox 168 2113 879 2190; baseline -0.003 -14"><span class='ocrx_word' id='word_1_104' title='bbox 168 2113 349 2190; x_wconf 90' lang='lat' dir='ltr'>Dictae0s;</span> <span class='ocrx_word' id='word_1_105' title='bbox 375 2113 490 2176; x_wconf 88' lang='lat' dir='ltr'>haeret</span> <span class='ocrx_word' id='word_1_106' title='bbox 507 2114 601 2176; x_wconf 90' lang='lat' dir='ltr'>lateri</span> <span class='ocrx_word' id='word_1_107' title='bbox 618 2113 725 2176; x_wconf 91' lang='lat' dir='ltr'>letalis</span> <span class='ocrx_word' id='word_1_108' title='bbox 742 2113 879 2176; x_wconf 86' lang='lat' dir='ltr'>arundo</span> 
     </span>
     <span class='ocr_line' id='line_1_19' title="bbox 212 2216 1160 2299; baseline -0.002 -18"><span class='ocrx_word' id='word_1_109' title='bbox 212 2218 314 2281; x_wconf 92' lang='lat' dir='ltr'>Nunc</span> <span class='ocrx_word' id='word_1_110' title='bbox 332 2217 441 2280; x_wconf 91' lang='lat' dir='ltr'>media</span> <span class='ocrx_word' id='word_1_111' title='bbox 457 2218 600 2280; x_wconf 87' lang='lat' dir='ltr'>Aenean</span> <span class='ocrx_word' id='word_1_112' title='bbox 617 2237 729 2280; x_wconf 92' lang='lat' dir='ltr'>secum</span> <span class='ocrx_word' id='word_1_113' title='bbox 747 2237 807 2299; x_wconf 89' lang='lat' dir='ltr'>per</span> <span class='ocrx_word' id='word_1_114' title='bbox 823 2216 952 2281; x_wconf 91' lang='lat' dir='ltr'>moenia</span> <span class='ocrx_word' id='word_1_115' title='bbox 969 2216 1068 2292; x_wconf 88' lang='lat' dir='ltr'>ducit,</span> <span class='ocrx_word' id='word_1_116' title='bbox 1158 2217 1160 2220; x_wconf 76' lang='grc'><strong>’</strong></span> 
     </span>
     <span class='ocr_line' id='line_1_20' title="bbox 89 2322 1039 2404; baseline -0.003 -17"><span class='ocrx_word' id='word_1_117' title='bbox 89 2348 116 2400; x_wconf 80' lang='lat'>75</span> <span class='ocrx_word' id='word_1_118' title='bbox 169 2322 392 2404; x_wconf 87' lang='lat' dir='ltr'>Sidoniasque</span> <span class='ocrx_word' id='word_1_119' title='bbox 409 2332 554 2385; x_wconf 88' lang='lat' dir='ltr'>ostentat</span> <span class='ocrx_word' id='word_1_120' title='bbox 571 2343 653 2402; x_wconf 93' lang='lat' dir='ltr'>opes</span> <span class='ocrx_word' id='word_1_121' title='bbox 670 2323 852 2403; x_wconf 92' lang='lat' dir='ltr'>urbemque</span> <span class='ocrx_word' id='word_1_122' title='bbox 870 2331 1039 2403; x_wconf 84' lang='lat' dir='ltr'>paratam;</span> 
     </span>
     <span class='ocr_line' id='line_1_21' title="bbox 170 2426 909 2510; baseline -0.003 -20"><span class='ocrx_word' id='word_1_123' title='bbox 170 2428 293 2510; x_wconf 88' lang='lat' dir='ltr'>Incipit</span> <span class='ocrx_word' id='word_1_124' title='bbox 310 2426 416 2501; x_wconf 87' lang='lat' dir='ltr'>effari,</span> <span class='ocrx_word' id='word_1_125' title='bbox 430 2427 605 2509; x_wconf 92' lang='lat' dir='ltr'>mediaque</span> <span class='ocrx_word' id='word_1_126' title='bbox 622 2427 655 2488; x_wconf 92' lang='lat' dir='ltr'>in</span> <span class='ocrx_word' id='word_1_127' title='bbox 671 2445 753 2489; x_wconf 86' lang='lat' dir='ltr'>voce</span> <span class='ocrx_word' id='word_1_128' title='bbox 769 2426 909 2502; x_wconf 90' lang='lat' dir='ltr'>resistit;</span> 
     </span>
     <span class='ocr_line' id='line_1_22' title="bbox 171 2530 945 2612; baseline -0.001 -18"><span class='ocrx_word' id='word_1_129' title='bbox 171 2533 271 2594; x_wconf 93' lang='lat' dir='ltr'>Nunc</span> <span class='ocrx_word' id='word_1_130' title='bbox 288 2531 406 2594; x_wconf 86' lang='lat' dir='ltr'>eadem</span> <span class='ocrx_word' id='word_1_131' title='bbox 424 2530 555 2594; x_wconf 90' lang='lat' dir='ltr'>labente</span> <span class='ocrx_word' id='word_1_132' title='bbox 572 2531 624 2593; x_wconf 92' lang='lat' dir='ltr'>die</span> <span class='ocrx_word' id='word_1_133' title='bbox 641 2532 792 2594; x_wconf 91' lang='lat' dir='ltr'>convivia</span> <span class='ocrx_word' id='word_1_134' title='bbox 809 2531 945 2612; x_wconf 88' lang='lat' dir='ltr'>quaerit,</span> 
     </span>
     <span class='ocr_line' id='line_1_23' title="bbox 171 2634 926 2718; baseline 0 -20"><span class='ocrx_word' id='word_1_135' title='bbox 171 2636 359 2718; x_wconf 91' lang='lat' dir='ltr'>Iliacosque</span> <span class='ocrx_word' id='word_1_136' title='bbox 376 2636 494 2698; x_wconf 92' lang='lat' dir='ltr'>iterum</span> <span class='ocrx_word' id='word_1_137' title='bbox 512 2636 649 2698; x_wconf 92' lang='lat' dir='ltr'>demens</span> <span class='ocrx_word' id='word_1_138' title='bbox 666 2634 779 2698; x_wconf 92' lang='lat' dir='ltr'>audire</span> <span class='ocrx_word' id='word_1_139' title='bbox 796 2635 926 2698; x_wconf 87' lang='lat' dir='ltr'>labores</span> 
     </span>
     <span class='ocr_line' id='line_1_24' title="bbox 171 2738 1007 2822; baseline 0 -20"><span class='ocrx_word' id='word_1_140' title='bbox 171 2739 340 2822; x_wconf 89' lang='lat' dir='ltr'>Exposcit,</span> <span class='ocrx_word' id='word_1_141' title='bbox 359 2740 549 2822; x_wconf 90' lang='lat' dir='ltr'>pendetque</span> <span class='ocrx_word' id='word_1_142' title='bbox 565 2741 682 2802; x_wconf 92' lang='lat' dir='ltr'>iterum</span> <span class='ocrx_word' id='word_1_143' title='bbox 701 2739 866 2802; x_wconf 90' lang='lat' dir='ltr'>narrantis</span> <span class='ocrx_word' id='word_1_144' title='bbox 883 2738 925 2801; x_wconf 88' lang='lat' dir='ltr'>ab</span> <span class='ocrx_word' id='word_1_145' title='bbox 942 2759 1007 2802; x_wconf 91' lang='lat' dir='ltr'>ore.</span> 
     </span>
     <span class='ocr_line' id='line_1_25' title="bbox 90 2843 1012 2926; baseline -0.001 -20"><span class='ocrx_word' id='word_1_146' title='bbox 90 2856 118 2906; x_wconf 84' lang='lat'>80</span> <span class='ocrx_word' id='word_1_147' title='bbox 170 2846 256 2920; x_wconf 90' lang='lat' dir='ltr'>Post,</span> <span class='ocrx_word' id='word_1_148' title='bbox 275 2844 331 2906; x_wconf 95' lang='lat' dir='ltr'>ubi</span> <span class='ocrx_word' id='word_1_149' title='bbox 349 2843 498 2925; x_wconf 86' lang='lat' dir='ltr'>digressi,</span> <span class='ocrx_word' id='word_1_150' title='bbox 517 2844 695 2926; x_wconf 90' lang='lat' dir='ltr'>lumenque</span> <span class='ocrx_word' id='word_1_151' title='bbox 712 2843 852 2907; x_wconf 91' lang='lat' dir='ltr'>obscura</span> <span class='ocrx_word' id='word_1_152' title='bbox 869 2843 1012 2906; x_wconf 90' lang='lat' dir='ltr'>vicissim</span> 
     </span>
     <span class='ocr_line' id='line_1_26' title="bbox 172 2947 1085 3030; baseline -0.001 -19"><span class='ocrx_word' id='word_1_153' title='bbox 172 2950 268 3011; x_wconf 94' lang='lat' dir='ltr'>Luna</span> <span class='ocrx_word' id='word_1_154' title='bbox 286 2947 407 3030; x_wconf 89' lang='lat' dir='ltr'>premit</span> <span class='ocrx_word' id='word_1_155' title='bbox 424 2948 631 3030; x_wconf 88' lang='lat' dir='ltr'>suadentque</span> <span class='ocrx_word' id='word_1_156' title='bbox 648 2948 800 3011; x_wconf 89' lang='lat' dir='ltr'>cadentia</span> <span class='ocrx_word' id='word_1_157' title='bbox 817 2948 925 3011; x_wconf 92' lang='lat' dir='ltr'>sidera</span> <span class='ocrx_word' id='word_1_158' title='bbox 941 2968 1085 3022; x_wconf 92' lang='lat' dir='ltr'>somnos,</span> 
     </span>
     <span class='ocr_line' id='line_1_27' title="bbox 171 3051 973 3133; baseline -0.005 -15"><span class='ocrx_word' id='word_1_159' title='bbox 171 3053 251 3118; x_wconf 88' lang='lat' dir='ltr'>Sola</span> <span class='ocrx_word' id='word_1_160' title='bbox 267 3052 366 3115; x_wconf 95' lang='lat' dir='ltr'>domo</span> <span class='ocrx_word' id='word_1_161' title='bbox 384 3062 508 3116; x_wconf 89' lang='lat' dir='ltr'>maeret</span> <span class='ocrx_word' id='word_1_162' title='bbox 524 3073 638 3127; x_wconf 89' lang='lat' dir='ltr'>vacua,</span> <span class='ocrx_word' id='word_1_163' title='bbox 658 3051 835 3133; x_wconf 90' lang='lat' dir='ltr'>stratisque</span> <span class='ocrx_word' id='word_1_164' title='bbox 851 3053 973 3114; x_wconf 90' lang='lat' dir='ltr'>relictis</span> 
     </span>
     <span class='ocr_line' id='line_1_28' title="bbox 173 3156 1162 3238; baseline -0.001 -18"><span class='ocrx_word' id='word_1_165' title='bbox 173 3157 325 3220; x_wconf 89' lang='lat' dir='ltr'>Incubat.</span> <span class='ocrx_word' id='word_1_166' title='bbox 376 3157 474 3219; x_wconf 92' lang='lat' dir='ltr'>Illum</span> <span class='ocrx_word' id='word_1_167' title='bbox 492 3158 613 3219; x_wconf 89' lang='lat' dir='ltr'>absens</span> <span class='ocrx_word' id='word_1_168' title='bbox 631 3158 802 3220; x_wconf 91' lang='lat' dir='ltr'>absentem</span> <span class='ocrx_word' id='word_1_169' title='bbox 823 3156 981 3238; x_wconf 89' lang='lat' dir='ltr'>auditque</span> <span class='ocrx_word' id='word_1_170' title='bbox 997 3157 1162 3238; x_wconf 90' lang='lat' dir='ltr'>videtque,</span> 
     </span>
     <span class='ocr_line' id='line_1_29' title="bbox 87 3260 1064 3343; baseline -0.003 -18"><span class='ocrx_word' id='word_1_171' title='bbox 87 3325 90 3331; x_wconf 86' lang='grc'>,</span> <span class='ocrx_word' id='word_1_172' title='bbox 171 3263 242 3325; x_wconf 87' lang='lat' dir='ltr'>Aut</span> <span class='ocrx_word' id='word_1_173' title='bbox 259 3260 388 3343; x_wconf 92' lang='lat' dir='ltr'>gremio</span> <span class='ocrx_word' id='word_1_174' title='bbox 405 3261 599 3338; x_wconf 87' lang='lat' dir='ltr'>Ascanium,</span> <span class='ocrx_word' id='word_1_175' title='bbox 618 3261 777 3343; x_wconf 87' lang='lat' dir='ltr'>genitoris</span> <span class='ocrx_word' id='word_1_176' title='bbox 794 3261 939 3342; x_wconf 87' lang='lat' dir='ltr'>imagine</span> <span class='ocrx_word' id='word_1_177' title='bbox 956 3271 1064 3342; x_wconf 89' lang='lat' dir='ltr'>capta,</span> 
     </span>
     <span class='ocr_line' id='line_1_30' title="bbox 92 3365 984 3446; baseline 0 -19"><span class='ocrx_word' id='word_1_178' title='bbox 92 3378 118 3442; x_wconf 82' lang='lat'>85</span> <span class='ocrx_word' id='word_1_179' title='bbox 172 3365 319 3442; x_wconf 89' lang='lat' dir='ltr'>Detinet,</span> <span class='ocrx_word' id='word_1_180' title='bbox 337 3366 512 3428; x_wconf 79' lang='lat' dir='ltr'>infandum</span> <span class='ocrx_word' id='word_1_181' title='bbox 530 3367 557 3430; x_wconf 89' lang='lat' dir='ltr'>si</span> <span class='ocrx_word' id='word_1_182' title='bbox 573 3367 689 3428; x_wconf 80' lang='lat' dir='ltr'>fallere</span> <span class='ocrx_word' id='word_1_183' title='bbox 707 3367 811 3446; x_wconf 90' lang='lat' dir='ltr'>possit</span> <span class='ocrx_word' id='word_1_184' title='bbox 828 3385 984 3429; x_wconf 90' lang='lat' dir='ltr'>amorem.</span> 
     </span>
     <span class='ocr_line' id='line_1_31' title="bbox 173 3469 1213 3552; baseline -0.001 -19"><span class='ocrx_word' id='word_1_185' title='bbox 173 3471 251 3534; x_wconf 94' lang='lat' dir='ltr'>Non</span> <span class='ocrx_word' id='word_1_186' title='bbox 269 3479 409 3552; x_wconf 90' lang='lat' dir='ltr'>coeptae</span> <span class='ocrx_word' id='word_1_187' title='bbox 425 3471 609 3552; x_wconf 88' lang='lat' dir='ltr'>adsurgunt</span> <span class='ocrx_word' id='word_1_188' title='bbox 625 3481 742 3546; x_wconf 91' lang='lat' dir='ltr'>turres,</span> <span class='ocrx_word' id='word_1_189' title='bbox 760 3491 828 3532; x_wconf 91' lang='lat' dir='ltr'>non</span> <span class='ocrx_word' id='word_1_190' title='bbox 845 3490 936 3532; x_wconf 88' lang='lat' dir='ltr'>arma</span> <span class='ocrx_word' id='word_1_191' title='bbox 952 3469 1106 3532; x_wconf 91' lang='lat' dir='ltr'>iuventus</span> <span class='ocrx_word' id='word_1_192' title='bbox 1211 3547 1213 3552; x_wconf 23' lang='grc' dir='ltr'>Ι</span> 
     </span>
     <span class='ocr_line' id='line_1_32' title="bbox 174 3573 946 3656; baseline 0 -19"><span class='ocrx_word' id='word_1_193' title='bbox 174 3576 326 3649; x_wconf 90' lang='lat' dir='ltr'>Exercet,</span> <span class='ocrx_word' id='word_1_194' title='bbox 345 3585 502 3656; x_wconf 87' lang='lat' dir='ltr'>portusve</span> <span class='ocrx_word' id='word_1_195' title='bbox 519 3584 575 3637; x_wconf 91' lang='lat' dir='ltr'>aut</span> <span class='ocrx_word' id='word_1_196' title='bbox 592 3573 844 3656; x_wconf 88' lang='lat' dir='ltr'>propugnacula</span> <span class='ocrx_word' id='word_1_197' title='bbox 859 3574 946 3637; x_wconf 91' lang='lat' dir='ltr'>bello</span> 
     </span>
     <span class='ocr_line' id='line_1_33' title="bbox 173 3677 1103 3762; baseline -0.001 -20"><span class='ocrx_word' id='word_1_198' title='bbox 173 3681 260 3742; x_wconf 87' lang='lat' dir='ltr'>Tuta</span> <span class='ocrx_word' id='word_1_199' title='bbox 279 3689 419 3762; x_wconf 81' lang='lat' dir='ltr'>parant3</span> <span class='ocrx_word' id='word_1_200' title='bbox 445 3679 592 3761; x_wconf 92' lang='lat' dir='ltr'>pendent</span> <span class='ocrx_word' id='word_1_201' title='bbox 609 3699 710 3761; x_wconf 88' lang='lat' dir='ltr'>opera</span> <span class='ocrx_word' id='word_1_202' title='bbox 727 3677 911 3760; x_wconf 91' lang='lat' dir='ltr'>interrupta</span> <span class='ocrx_word' id='word_1_203' title='bbox 929 3678 1103 3760; x_wconf 86' lang='lat' dir='ltr'>minaeque</span> 
     </span>
     <span class='ocr_line' id='line_1_34' title="bbox 176 3773 1062 3866; baseline -0.003 -18"><span class='ocrx_word' id='word_1_204' title='bbox 176 3785 350 3848; x_wconf 92' lang='lat' dir='ltr'>Murorum</span> <span class='ocrx_word' id='word_1_205' title='bbox 368 3783 519 3864; x_wconf 89' lang='lat' dir='ltr'>ingentes</span> <span class='ocrx_word' id='word_1_206' title='bbox 536 3793 745 3866; x_wconf 88' lang='lat' dir='ltr'>aequataque</span> <span class='ocrx_word' id='word_1_207' title='bbox 762 3782 915 3844; x_wconf 83' lang='lat' dir='ltr'>machina</span> <span class='ocrx_word' id='word_1_208' title='bbox 932 3782 1032 3845; x_wconf 91' lang='lat' dir='ltr'>caelo.</span> <span class='ocrx_word' id='word_1_209' title='bbox 1060 3773 1062 3778; x_wconf 62' lang='grc'><strong>’</strong></span> 
     </span>
    </p>
   </div>
   <div class='ocr_carea' id='block_1_3' title="bbox 0 0 1415 4282">
    <p class='ocr_par' dir='ltr' id='par_1_3' title="bbox 0 0 1415 4282">
     <span class='ocr_line' id='line_1_35' title="bbox 0 0 1415 4282; baseline 0 0"><span class='ocrx_word' id='word_1_210' title='bbox 0 0 1415 4282; x_wconf 95' lang='lat' dir='ltr'> </span> 
     </span>
    </p>
   </div>
  </div>
 </body>
</html>
