2796 4282
488 309 602 362 LIBER
628 310 812 377 QUARTUS

177 491 269 555 Luce
286 490 385 554 sedet
402 499 517 554 custos
533 499 590 552 aut
607 492 727 552 summi
743 490 887 553 culmine
904 491 991 567 tecti,

175 595 338 659 Turribus
356 604 415 657 aut
433 594 517 669 altis,
535 603 568 658 et
585 614 724 674 magnas
740 595 868 657 territat
886 596 992 670 urbeS,

176 701 259 763 Tam
277 698 347 762 ficti
363 699 525 780 pravique
542 707 650 774 tenax,
668 717 767 780 quam
784 699 901 761 nuntia
916 701 993 762 veri.

179 805 274 868 Haec
290 813 364 866 turn
381 802 557 883 multiplici
574 803 715 883 populos
732 822 885 866 sermone
900 804 1050 884 replebat

99 936 140 984 190
177 908 337 973 Gaudens
354 917 389 970 et
406 906 529 988 pariter
546 907 635 970 lacta
652 915 751 988 atque
768 906 893 970 inlecta
909 909 1070 971 canebat:

177 1014 319 1077 Venisse
337 1013 492 1086 Aenean,
511 1010 655 1074 Troiano
672 1012 836 1092 sanguine
852 1022 988 1089 cretum,

177 1117 240 1181 Cui
256 1138 292 1180 se
310 1117 455 1198 pulchra
470 1115 540 1178 viro
556 1116 713 1196 dignetur
727 1118 865 1197 iungere
884 1117 991 1192 Dido;

178 1223 276 1285 Nunc
295 1221 442 1284 hiemem
459 1220 544 1283 inter
561 1241 596 1283 se
613 1221 700 1295 luxu,
719 1241 817 1302 quam
835 1221 944 1302 longa,
963 1222 1076 1285 lovere

178 1328 376 1407 Regnorum
393 1325 604 1388 immemores
621 1325 775 1406 turpique
792 1325 948 1406 cupidine
964 1335 1089 1407 captos.

95 1456 137 1509 ¹95
178 1431 274 1494 Haec
291 1431 420 1511 passim
436 1430 499 1492 dea
516 1429 614 1492 foeda
630 1429 735 1491 virum
752 1429 910 1492 diffundit
926 1430 958 1493 in
976 1451 1041 1493 ora.

177 1535 331 1599 Protinus
349 1534 392 1596 ad
409 1553 522 1614 regem
540 1553 656 1596 cursus
673 1533 849 1616 detorquet
867 1535 998 1609 Iarban,

177 1639 400 1721 Incenditque
418 1637 564 1700 animum
581 1637 677 1701 dictis
694 1648 793 1720 atque
810 1648 950 1719 aggerat
966 1639 1040 1702 iras

220 1744 287 1808 Hic
307 1745 500 1806 Hammone
516 1752 616 1818 satus,
635 1751 731 1824 rapta
747 1743 985 1806 Garamantide
1004 1745 1172 1826 Nympha,

175 1849 319 1929 Templa
337 1847 410 1910 Iovi
426 1855 559 1909 centum
576 1847 650 1910 latis
666 1846 824 1910 immania
840 1847 961 1928 regniS,

92 1981 136 2015 200
170 1953 321 2017 ¹Centum
340 1971 416 2014 aras
433 1951 552 2033 posuit,
570 1950 771 2033 vigilemque
788 1961 976 2014 sacraverat
992 1954 1114 2032 ignem,

177 2057 345 2120 Excubias
363 2055 475 2117 divum
493 2065 654 2132 aeternaS,
673 2055 907 2138 pecudumque
923 2077 1039 2120 cruore

177 2161 306 2242 Pingue
323 2161 430 2223 solum
447 2168 480 2222 et
496 2160 594 2222 variis
611 2159 763 2222 florentia
779 2161 892 2223 limina
908 2161 1012 2224 sertis,

178 2267 280 2347 Isque
298 2284 415 2326 amens
432 2264 533 2326 animi
549 2273 582 2326 et
599 2285 730 2327 rumore
746 2284 907 2329 accensus
923 2286 1036 2328 amaro

178 2369 310 2433 Dicitur
326 2377 404 2431 ante
422 2387 495 2431 aras
513 2368 622 2431 media
638 2368 723 2432 inter
739 2370 876 2432 numina
892 2370 1003 2432 divum

89 2500 133 2551 205
177 2474 287 2536 Multa
306 2473 421 2536 lovem
439 2473 592 2537 manibus
608 2474 750 2555 supplex
766 2493 878 2536 orasse
895 2473 1040 2555 supinis:

222 2582 240 2609 “
253 2577 407 2658 Iuppiter
423 2576 644 2658 omnipotens
661 2577 715 2640 cui
731 2597 819 2640 nunc
838 2577 1009 2640 Maurusia
1025 2577 1121 2659 pictis

177 2682 271 2746 Gens
287 2682 424 2762 epulata
439 2681 519 2745 toris
538 2682 709 2744 Lenaeum
726 2682 806 2744 libat
823 2683 990 2757 honorem,

176 2785 314 2868 Aspicis
332 2786 438 2850 haec?
462 2806 504 2848 an
520 2795 563 2860 te,
580 2786 720 2866 genitor,
738 2806 813 2848 curn
831 2786 972 2849 fulmina
988 2796 1131 2868 torques,

177 2891 392 2973 Nequiquam
410 2890 592 2965 horremus,
610 2891 765 2971 caecique
782 2889 814 2952 in
832 2891 975 2952 nubibus
993 2891 1087 2971 ignes

88 3023 133 3058 210
175 2994 375 3059 Terrificant
392 2993 520 3056 animos
536 3003 570 3056 et
585 2993 697 3055 inania
713 3013 882 3056 murmura
898 2995 1061 3057 miscent?

177 3098 326 3173 Femina,
345 3118 431 3180 quae
448 3097 569 3160 nostris
586 3117 700 3160 errans
717 3097 750 3160 in
767 3098 887 3161 finibus
904 3098 1018 3160 urbem

178 3204 342 3283 Exiguam
360 3202 466 3283 pretio
483 3201 601 3282 posuit,
619 3201 673 3264 cui
689 3201 765 3264 litus
782 3202 942 3264 arandum

175 3308 305 3389 Cuique
322 3305 385 3370 loci
401 3306 494 3387 leges
510 3306 670 3380 dedimus,
688 3306 830 3368 conubia
846 3316 960 3370 nostra

177 3410 339 3492 Reppulit
356 3431 394 3473 ac
411 3410 581 3474 dominum
599 3409 742 3472 Aenean
759 3409 790 3471 in
809 3430 914 3491 regna
930 3411 1063 3493 recepit.

88 3542 131 3594 215
176 3516 221 3578 Et
238 3535 326 3578 nunc
344 3515 397 3577 ille
416 3513 507 3578 Paris
523 3534 598 3578 cum
616 3513 769 3577 semiviro
786 3515 953 3589 comitatu,

176 3619 334 3684 Maeonia
351 3628 499 3682 mentum
517 3618 613 3706 mitra
630 3617 821 3700 crinemque
840 3619 1028 3682 madentem

174 3724 354 3799 Subnixus
373 3733 468 3806 rapto
484 3723 625 3804 potitur;
650 3742 711 3785 nos
729 3743 867 3786 munera
884 3724 1017 3804 templis

175 3828 312 3912 Quippe
328 3827 394 3890 tuis
410 3827 557 3902 ferimus,
576 3828 768 3906 famamque
785 3828 937 3889 fovemus
955 3827 1118 3888 inanem.''
