2796 4282
475 339 590 390 trusa
616 339 788 407 Qururus

155 518 317 600 Princeps
335 527 416 582 ante
432 537 550 581 omnes
566 519 706 581 densum
725 517 900 582 Palinurus
916 519 1038 602 agebat

156 623 315 704 Agmen;
342 623 386 687 ad
403 623 493 684 hunc
511 622 565 684 alii
581 609 713 685 cursum
729 623 930 686 contendere
946 623 1035 687 iussi.

77 725 119 805 855
200 729 346 808 Iamque
364 727 438 788 lere
456 726 597 788 mediam
614 726 696 789 caeli
715 727 791 789 Nox
806 727 919 789 umida
935 737 1057 791 metam
1105 743 1110 756 ⁴

159 832 377 912 Contigerat;
403 830 537 912 placida
553 831 709 892 laxabant
726 832 874 894 membra
890 832 1001 913 quiete

161 936 228 999 Sub
245 935 350 998 remis
367 934 435 997 lusi
451 953 512 1015 per
527 934 610 997 dura
627 934 742 998 sedilia
759 944 898 999 nautae:

163 1041 243 1104 Cum
263 1040 348 1102 levis
364 1039 521 1100 aetheriis
539 1039 696 1120 delapsus
714 1039 859 1102 Somnus
875 1040 916 1101 ab
932 1039 1029 1102 astris

162 1145 252 1206 Aera
269 1144 410 1206 dimovit
426 1142 640 1205 tenebrosum
658 1152 691 1205 et
708 1143 843 1224 dispulit
859 1143 1002 1218 umbras,

81 1260 125 1320 840
162 1249 219 1322 Te,
238 1247 406 1322 Palinure,
425 1256 554 1328 petens
571 1246 631 1308 tibi
648 1247 776 1309 somnia
792 1246 898 1309 tristia
915 1256 1051 1332 portans

165 1353 311 1426 Insonti;
338 1351 512 1440 puppique
529 1351 611 1413 deus
628 1351 779 1413 consedit
794 1350 827 1412 in
844 1352 920 1425 alta,

165 1455 347 1519 Phorbanti
364 1453 487 1530 similis,
506 1454 683 1536 funditque
700 1454 760 1516 has
777 1474 832 1517 ore
850 1454 1016 1536 loquelas:

165 1565 181 1590 ‘⁶
194 1559 304 1621 laside
324 1558 487 1633 Palinure,
506 1559 618 1620 lerunt
634 1559 707 1639 ipsa
723 1577 867 1639 aequora
884 1558 1042 1620 classem:

165 1664 341 1744 Aequatae
359 1664 487 1744 spirant
504 1682 623 1738 aurae;
648 1662 745 1724 datur
762 1662 843 1724 hora
859 1661 970 1743 quieti.

87 1779 127 1843 845
166 1769 251 1830 Pone
269 1777 381 1848 caput,
401 1767 576 1848 fessosque
593 1767 706 1828 oculos
723 1766 835 1828 furare
851 1765 965 1828 labori.

167 1873 241 1952 lpse
261 1891 326 1952 ego
345 1870 514 1951 paulisper
531 1890 590 1950 pro
606 1878 639 1932 te
655 1879 713 1931 tua
730 1889 868 1932 munera
887 1869 1007 1932 inib0.''

165 1976 222 2040 Cui
238 1975 293 2038 vix
310 1974 467 2036 attollens
484 1973 658 2035 Palinurus
674 1973 799 2034 lumina
817 1974 924 2035 fatur:

166 2081 294 2142 “Mene
311 2077 391 2140 salis
409 2076 531 2158 placidi
547 2077 674 2138 vultum
692 2077 877 2158 fluctusque
893 2077 1023 2158 quietos

165 2185 325 2264 ignorare
341 2181 458 2244 iubes?
482 2200 579 2243 mene
596 2180 672 2242 huic
690 2181 855 2243 confidere
873 2181 1043 2243 monstro?

88 2299 127 2363 850
164 2288 306 2350 Aenean
326 2285 459 2348 credam
478 2285 557 2366 quid
574 2284 662 2346 enim
680 2285 855 2347 fallacibus
873 2284 960 2346 auris

164 2393 205 2453 Et
221 2391 307 2454 caeli
323 2391 445 2452 totiens
463 2389 624 2469 deceptus
640 2388 758 2450 fraude
775 2388 882 2451 sereni
894 2389 905 2450 ?
917 2389 934 2412 ''

206 2494 303 2558 Talia
320 2493 408 2555 dicta
425 2492 533 2568 dabat,
553 2491 750 2573 clavumque
767 2491 884 2554 affixus
900 2502 933 2554 et
949 2493 1090 2555 haerens

164 2601 341 2680 Nusquam
360 2597 542 2670 amittebat,
561 2598 741 2677 oculosque
759 2596 820 2658 sub
838 2605 927 2658 astra
943 2596 1087 2658 tenebat.

165 2705 251 2766 Ecce
269 2703 352 2764 deus
371 2721 499 2762 ramum
519 2701 670 2762 Lethaeo
686 2720 759 2762 rore
776 2700 965 2762 madentem

87 2818 126 2883 855
162 2809 271 2888 Vique
289 2813 481 2886 soporatum
501 2803 619 2887 Stygia
636 2823 737 2884 super
753 2814 892 2886 utraque
909 2813 1045 2885 quassat

163 2912 341 2991 Tempora,
359 2894 594 2988 cunctantique
611 2907 760 2969 natantia
776 2907 900 2969 lumina
917 2908 1022 2970 solvit.

164 3014 227 3078 Vix
245 3013 370 3094 primos
387 3013 524 3093 inopina
541 3011 635 3092 quies
651 3012 818 3074 laxaverat
835 3020 935 3086 artus
1034 3051 1041 3065 ·

166 3120 209 3181 Et
225 3137 326 3198 super
342 3116 539 3178 incumbens
556 3136 631 3178 cum
649 3117 772 3197 puppis
789 3126 883 3196 parte
900 3117 1031 3179 reuulsa

167 3223 317 3302 Cumque
334 3219 537 3300 gubernaclo
555 3220 696 3304 liquidas
712 3220 850 3302 proiecit
865 3221 898 3280 in
916 3219 1023 3281 undas

89 3338 128 3387 860
168 3325 384 3406 Praecipitem
403 3345 442 3386 ac
461 3326 568 3386 socios
585 3326 786 3406 nequiquam
805 3344 905 3404 saepe
921 3333 1106 3386 vocantem.

168 3431 244 3511 lpse
261 3429 379 3491 volans
396 3438 514 3490 tenues
531 3448 566 3490 se
583 3429 716 3491 sustulit
731 3429 801 3491 ales
817 3428 859 3490 ad
876 3449 982 3490 auras.

168 3533 275 3598 Currit
291 3533 354 3595 iter
371 3542 479 3594 tutum
497 3552 562 3594 non
580 3533 682 3594 setius
699 3552 842 3614 aequore
859 3533 982 3607 classis

168 3637 408 3718 Promissisque
425 3636 528 3716 patris
546 3636 696 3716 Neptuni
712 3635 862 3698 interrita
878 3637 995 3700 fertur.

213 3744 351 3823 Iamque
369 3740 453 3802 adeo
470 3740 624 3820 scopulos
642 3739 794 3802 Sirenum
812 3740 951 3803 advecta
968 3740 1109 3813 subibat,

93 3858 132 3924 865
171 3846 331 3908 Difficiles
349 3843 515 3925 quondam
533 3843 778 3923 multorumque
795 3842 924 3904 ossibus
941 3841 1051 3915 albos;
