2800 4286
511 323 625 376 LIBER
651 324 783 377 NONUS

96 525 145 560 220
179 502 244 565 Nec
260 523 336 565 mea
353 502 422 565 iam
440 512 568 565 mutata
584 502 656 566 loco
673 506 838 567 sententia
855 504 951 568 cedit.

176 607 414 670 Acceleremus
427 608 432 671 !
444 607 461 632 ’¹
488 607 541 671 ait.
589 609 716 689 Vigiles
734 608 830 670 simul
848 609 977 671 excitat.
1027 609 1080 670 llli

175 711 364 775 Succedunt
382 721 584 794 servantque
600 711 708 787 vices;
734 713 876 775 statione
893 714 1006 776 relicta

175 816 249 897 lpse
265 835 382 878 comes
401 817 486 878 Niso
502 815 660 897 graditur,
679 836 860 898 regemque
878 817 1057 899 requirunt.

212 921 335 984 Cetera
353 941 414 1002 per
430 929 537 983 terras
553 941 669 984 omnes
687 922 843 984 animalia
860 941 976 984 somno

93 1047 137 1098 225
172 1025 347 1087 Laxabant
366 1044 465 1087 curas
482 1034 515 1088 et
531 1026 630 1088 corda
647 1027 749 1089 oblita
766 1025 925 1089 laborum.

172 1131 339 1193 Ductores
356 1131 524 1192 Teucrum
544 1130 650 1211 primi,
668 1131 799 1193 delecta
816 1129 978 1206 iuventus,

172 1234 355 1298 Consilium
373 1234 513 1296 summis
529 1234 623 1315 regni
639 1235 681 1298 de
698 1236 798 1298 rebus
815 1234 993 1310 habebant,

172 1338 259 1420 Quid
277 1339 441 1414 facerent,
460 1338 575 1420 quisve
592 1340 730 1402 Aeneae
747 1338 811 1400 iam
824 1339 959 1402 nuntius
975 1348 1072 1402 esset.

172 1442 269 1506 Stant
286 1443 398 1524 longis
415 1443 525 1505 adnixi
542 1443 645 1507 hastis
661 1453 694 1507 et
711 1453 806 1506 scuta
822 1453 975 1507 tenentes

91 1569 137 1619 230
173 1547 366 1610 Castrorum
384 1557 418 1610 et
435 1547 543 1628 campi
560 1549 676 1611 medio
726 1550 813 1611 Tum
832 1549 934 1611 Nisus
950 1558 983 1611 et
1000 1569 1064 1611 una

173 1653 339 1737 Euryalus
355 1651 532 1722 confestim
550 1653 676 1716 alacres
693 1652 859 1715 admittier
876 1663 990 1729 orant;

173 1757 254 1819 Rern
272 1777 443 1838 magnam,
461 1759 670 1840 pretiumque
687 1777 799 1820 morae
816 1758 897 1821 fore.
954 1758 1082 1822 Primus
1100 1759 1193 1822 Iulus

170 1861 313 1942 Accepit
330 1861 489 1942 trepidos,
507 1881 545 1924 ac
564 1862 683 1924 Nisum
700 1862 811 1925 dicere
827 1862 930 1925 iussit.

212 1966 299 2027 Tum
319 1967 366 2027 sic
385 1965 606 2049 Hyrtacides:
633 1967 789 2028 “Audite
806 1987 825 2028 o
842 1965 1008 2029 mentibus
1025 1970 1149 2050 aequis,

90 2091 132 2143 235
171 2069 364 2144 Aeneadae,
382 2089 466 2132 neve
484 2071 565 2132 haec
582 2071 704 2133 nostris
721 2080 913 2152 spectentur
929 2071 971 2133 ab
988 2072 1093 2147 annis

170 2174 265 2256 Quae
282 2173 431 2236 ierimus.
482 2174 595 2236 Rutuli
612 2195 730 2237 somno
745 2175 889 2257 vinoque
906 2177 1005 2238 soluti

171 2276 390 2354 Conticuere3
415 2278 522 2340 locum
540 2278 667 2342 insidiis
684 2281 918 2360 conspeximus
933 2281 1006 2361 ipsi,

170 2382 235 2462 Qui
252 2391 347 2464 patet
363 2384 397 2444 in
414 2381 502 2444 bivio
519 2393 643 2464 portae,
662 2403 747 2465 quae
765 2383 913 2465 proxima
931 2394 1052 2464 ponto;

170 2487 354 2567 interrupti
372 2486 477 2568 ignes
495 2496 632 2569 aterque
649 2487 691 2549 ad
709 2488 817 2550 sidera
834 2489 946 2550 fumus

88 2612 133 2660 ²40
171 2591 337 2672 Erigitur:
363 2593 389 2653 si
406 2592 541 2653 fortuna
558 2592 747 2673 permittitis
764 2595 820 2667 uti,

169 2695 367 2778 Quaesitum
385 2693 527 2758 Aenean
545 2706 578 2759 et
595 2695 726 2759 moenia
745 2697 923 2772 Pallantea,

169 2801 249 2863 Mox
265 2800 319 2862 hic
335 2819 411 2862 cum
428 2800 552 2880 spoliis,
569 2799 697 2882 ingenti
713 2802 815 2864 caede
832 2811 976 2882 peracta,

168 2904 299 2967 Adfore
316 2905 467 2968 cernetis.
516 2905 588 2968 Nec
606 2925 666 2968 nos
682 2907 735 2967 via
752 2906 845 2968 fallet
862 2916 997 2981 euntes;

167 3008 321 3072 Vidimus
338 3008 487 3072 obscuris
505 3009 644 3090 primam
663 3010 724 3071 sub
740 3009 881 3072 vallibus
897 3010 1012 3072 urbem

86 3134 126 3187 245
166 3113 300 3175 Venatu
317 3113 457 3176 adsiduo
473 3123 506 3176 et
522 3123 626 3176 totum
644 3113 863 3195 cognovimus
880 3115 1043 3178 amnem.”

213 3217 278 3280 Hic
295 3219 392 3280 annis
408 3220 519 3300 gravis
535 3228 634 3300 atque
651 3220 751 3281 animi
769 3228 918 3281 maturus
935 3220 1072 3282 Aletes:

169 3322 244 3384 “Di
261 3322 369 3403 patrii,
387 3343 526 3405 quorum
544 3345 676 3406 semper
692 3325 754 3386 sub
771 3325 906 3386 numine
924 3324 1023 3386 Troia
1040 3334 1100 3398 est,

169 3425 245 3488 Non
263 3436 376 3490 tamen
394 3427 528 3491 omnino
545 3431 692 3492 Teucros
710 3429 820 3492 delere
838 3428 971 3510 paratis,

168 3530 250 3594 Cum
268 3531 353 3594 tales
369 3533 498 3595 animos
513 3534 669 3596 iuvenum
687 3543 720 3596 et
736 3543 803 3596 tam
821 3543 912 3596 certa
927 3532 1048 3595 tulistis

85 3655 127 3707 250
168 3635 336 3698 Pectora.’'
385 3635 439 3700 Sic
457 3657 652 3714 memorans,
671 3657 803 3700 umeros
820 3637 1019 3718 dextrasque
1035 3637 1172 3698 tenebat

167 3739 364 3815 Amborum‚
382 3749 415 3802 et
431 3742 558 3804 vultum
576 3742 718 3805 lacrimis
736 3751 835 3823 atque
852 3761 909 3803 ora
926 3741 1064 3820 rigabat.

167 3843 293 3926 “Quae
309 3844 413 3920 vobis,
432 3865 517 3927 quae
534 3846 644 3927 digna,
662 3846 732 3923 viri,
751 3865 811 3926 pro
828 3843 981 3906 laudibus
998 3843 1068 3904 istis
