2816 4282
182 291 244 368 318

183 705 228 758 ¹55

540 292 697 364 veneni
724 293 925 348 nauainos
1031 261 1035 268 ’

270 475 393 555 Perge:
417 472 522 536 decet.
570 472 697 536 Forsan
714 471 852 536 miseros
869 473 1006 538 meliora
1022 479 1235 558 sequentur.’'

311 577 376 640 Vix
386 569 440 652 ea,
458 596 532 639 cum
550 576 702 638 lacrimas
718 576 824 639 oculis
840 576 980 641 Iuturna
995 580 1152 660 profudit,

270 683 400 762 Terque
418 690 600 763 quaterque
617 699 718 742 manu
734 690 851 762 pectus
868 682 1033 762 percussit
1050 684 1240 749 honesturn.

269 786 380 848 “Non
397 783 541 847 lacrimis
558 784 620 848 hoc
638 791 771 866 tempus
783 785 800 810 ”
818 785 864 848 ait
881 786 1038 850 Saturnia
1056 789 1155 864 luno,

271 889 469 964 “Accelera‚
486 897 520 950 et
536 887 682 962 fratrem,
700 888 728 950 si
747 888 820 970 quis
837 889 964 978 modus
982 891 1074 973 eripe
1091 893 1199 968 morti,

269 994 341 1056 Aut
356 1002 391 1056 tu
408 992 494 1055 bella
510 991 569 1067 cie,
587 1001 854 1075 conceptumque
870 1003 987 1057 excute
1003 995 1135 1060 foedus.

271 1097 396 1160 Auctor
412 1117 476 1178 ego
492 1095 667 1160 audendi.'’
714 1095 771 1159 Sic
787 1097 961 1161 exhortata
976 1099 1111 1182 reliquit

271 1202 438 1264 Incertam
454 1210 487 1262 et
503 1199 589 1263 tristi
604 1199 770 1263 turbatam
786 1201 924 1266 vulnere
940 1203 1069 1266 mentis

314 1306 446 1368 Interea
461 1303 748 1386 reges-ingenti
765 1306 851 1368 mole
868 1306 1010 1371 Latinus

269 1409 476 1493 Quadriiugo
490 1408 621 1470 vehitur
637 1428 744 1484 curru,
762 1409 816 1473 cui
830 1419 982 1492 tempora
998 1413 1124 1475 circum

268 1515 388 1577 Aurati
403 1512 454 1576 bis
471 1532 528 1574 sex
544 1512 626 1575 radii
642 1512 807 1594 fulgentia
822 1513 970 1596 cingunt,

269 1618 356 1683 Solis
372 1616 424 1680 avi
441 1616 629 1697 specimen,
653 1616 740 1698 bigis
754 1619 781 1680 it
797 1619 932 1681 Turnus
947 1618 981 1683 in
997 1619 1091 1696 albis,

164 1723 166 1728 ’
270 1722 354 1785 Bina
371 1742 471 1784 manu
489 1722 556 1784 lato
571 1723 722 1803 crispans
739 1722 870 1786 hastilia
886 1723 983 1786 ferro.

191 3817 235 3880 185

269 1826 360 1889 Hinc
376 1836 472 1908 pater
488 1827 633 1900 Aeneas,
653 1826 824 1889 Romanae
841 1826 952 1908 stirpis
968 1829 1071 1910 origo,

270 1930 408 1995 Sidereo
423 1931 571 2013 flagrans
587 1929 694 2011 clipeo
710 1939 744 1992 et
759 1931 959 1994 caelestibus
975 1931 1084 2008 armis,

271 2035 313 2097 Et
329 2033 419 2098 iuxta
435 2033 614 2107 Ascanius,
631 2053 774 2115 magnae
790 2054 869 2116 spes
885 2035 988 2098 altera
1006 2037 1144 2113 Romae,
1158 2073 1204 2086 —

271 2139 456 2202 Procedunt
472 2137 609 2215 castris;
634 2158 784 2221 puraque
800 2139 834 2200 in
849 2148 943 2203 veste
959 2140 1115 2204 sacerdos

271 2242 435 2323 Saetigeri
452 2244 559 2306 letum
576 2242 644 2305 suis
659 2244 894 2326 intonsamque
909 2243 1079 2308 bidentem

270 2347 403 2423 Attulit,
420 2348 634 2430 admovitque
650 2367 753 2428 pecus
770 2347 989 2428 flagrantibus
1004 2347 1078 2412 aris.

271 2451 323 2514 llli
339 2452 381 2514 ad
398 2462 591 2533 surgentem
607 2451 758 2514 conversi
774 2451 899 2515 lumina
914 2452 1018 2516 solem

272 2557 364 2618 Dant
379 2557 495 2637 fruges
512 2555 665 2619 manibus
681 2555 795 2632 salsaS,
812 2565 846 2619 et
861 2565 1014 2638 tempora
1029 2557 1120 2620 ferro

269 2661 408 2725 Summa
424 2669 542 2723 notant
558 2659 734 2742 pecudum,
753 2659 943 2742 paterisque
959 2660 1075 2724 altaria
1091 2660 1206 2725 libant.

315 2766 402 2828 Tum
420 2765 494 2848 pius
512 2765 648 2828 Aeneas
667 2764 843 2832 strictosic
860 2783 940 2828 ense
958 2774 1113 2846 precatur
1124 2786 1138 2831 :,

272 2870 387 2932 “-Esto
404 2889 492 2932 nunc
509 2870 565 2933 Sol
583 2867 677 2932 testis
693 2879 728 2932 et
743 2869 825 2932 haec
841 2869 921 2930 mihi
938 2870 1043 2932 Terra
1057 2871 1201 2945 vocanti,
1220 2852 1227 2866 ⁸

271 2974 381 3056 Quam
399 2982 662 3059 proptertantos
678 2974 771 3054 potui
787 2974 936 3054 perferre
953 2973 1093 3049 laboreS,

274 3079 316 3140 Et
333 3079 431 3140 Pater
447 3079 668 3158 omnipotens,
685 3086 719 3140 et
734 3085 771 3139 tu
789 3077 943 3142 Saturnia
959 3075 1114 3153 coniunx,
1125 3113 1168 3124 -

273 3183 344 3243 lam
365 3182 489 3256 melior,
506 3181 581 3256 iarn,
599 3181 684 3257 diva,
703 3190 985 3263 precor-tuque
1001 3181 1125 3244 inclute
1143 3183 1282 3258 Mavors,

272 3286 402 3350 Cuncta
418 3296 475 3349 tuo
491 3286 548 3367 qui
563 3285 660 3361 bella,
677 3294 782 3368 pater,
800 3285 862 3348 sub
878 3286 1015 3349 numine
1031 3295 1183 3367 torques3

274 3390 464 3472 Fontesque
483 3391 682 3472 Fluviosque
698 3410 791 3465 vocO,
808 3409 960 3472 quaeque
975 3391 1119 3453 aetheris
1136 3389 1195 3452 alti

276 3495 416 3576 Religio,
434 3505 467 3558 et
483 3515 568 3577 quae
585 3495 737 3558 caeruleo
754 3503 831 3558 sunt
847 3495 984 3557 numina
1000 3503 1123 3576 ponto:

274 3601 420 3664 Cesserit
436 3598 587 3662 Ausonio
605 3598 633 3660 si
647 3599 718 3661 fors
734 3598 871 3662 victoria
886 3599 1012 3675 Turno,

274 3702 440 3768 Convenit
458 3701 607 3765 Euandri
621 3703 727 3765 victos
743 3702 913 3766 discedere
930 3703 972 3765 ad
988 3702 1103 3768 urbem
1116 3724 1123 3778 ;

278 3806 383 3870 Cedet
400 3805 494 3868 Iulus
510 3804 607 3886 agris,
625 3825 687 3868 nec
703 3814 780 3886 post
795 3825 887 3868 arma
904 3806 970 3869 ulla
986 3805 1128 3870 rebelles
