2800 4286
540 311 654 364 LIBER
679 312 811 365 NONUS

122 500 171 566 285
211 491 268 554 Est
284 491 376 566 mihi,
394 511 498 572 quam
515 491 668 552 miseram
685 492 792 554 tenuit
808 511 875 554 non
894 491 956 554 Ilia
974 491 1073 556 tellus

211 597 343 658 Mecum
360 595 589 670 excedentem,
607 615 673 656 non
691 597 821 658 moenia
837 597 925 676 regis
943 596 1097 660 Acestae.

212 700 307 762 Hanc
325 719 390 780 ego
407 719 498 761 nunc
514 697 664 780 ignaram
682 699 780 762 huius
797 699 1029 782 quodcumque
1044 701 1158 783 pericli
1173 713 1225 766 est

211 807 315 888 Inque
332 803 511 868 salutatam
529 803 660 884 linquo;
688 804 765 867 Nox
780 814 813 866 et
829 815 887 868 tua
903 807 996 870 testis

212 911 366 986 Dextera,
384 909 473 991 quod
490 929 653 991 nequeam
672 910 824 974 lacrimas
841 913 989 994 perferre
1007 914 1172 993 parentis;

125 1038 175 1085 290
210 1015 256 1077 At
271 1024 317 1090 tu,
336 1035 404 1089 oro,
423 1013 530 1076 solare
548 1014 691 1096 inopem,
710 1025 744 1078 et
761 1035 915 1079 succurre
932 1017 1074 1080 relictae.

212 1119 309 1182 Hanc
326 1121 400 1182 siue
415 1139 468 1182 me
486 1139 581 1202 spem
597 1120 685 1183 ferre
702 1121 768 1184 tui:
792 1120 967 1184 audentior
982 1119 1036 1184 ibo

211 1225 250 1286 In
266 1244 365 1287 casus
382 1224 530 1286 omnes.'’
578 1226 739 1288 Percussa
757 1235 867 1288 mente
884 1225 1006 1288 dedere

213 1328 427 1391 Dardanidae
443 1329 596 1391 lacrimas
610 1351 618 1405 ;
644 1338 721 1392 ante
738 1349 854 1392 omnes
871 1329 1010 1410 pulcher
1027 1330 1129 1406 Iulus,

211 1433 323 1514 Atque
338 1433 487 1495 animum
504 1435 632 1514 patriae
648 1435 778 1496 strinxit
794 1435 928 1515 pietatis
944 1433 1062 1514 imago.

131 1559 173 1612 ²95
251 1537 561 1617 Tumsiceffatur:

211 1646 228 1672 “
239 1641 378 1723 Sponde
394 1641 497 1722 digna
513 1643 579 1704 tuis
596 1642 786 1723 ingentibus
804 1644 915 1706 omnia
930 1643 1066 1723 coeptis.

211 1746 366 1827 Namque
382 1745 444 1808 erit
460 1747 524 1808 ista
540 1746 621 1808 mihi
637 1749 797 1827 genetrix,
817 1766 1005 1828 nomenque
1023 1747 1169 1810 Creusae

210 1850 324 1914 Solum
342 1849 496 1923 defuerit,
515 1869 577 1912 nec
595 1859 726 1932 partum
743 1851 851 1931 gratia
866 1851 966 1914 talem

210 1954 315 2016 Parva
331 1964 453 2046 manet.
502 1954 609 2018 Casus
626 1955 752 2017 factum
769 1955 968 2036 quicumque
988 1965 1178 2036 sequentur,

130 2081 173 2128 ,uo
209 2059 270 2122 Per
287 2068 390 2140 caput
406 2058 468 2121 hoc
485 2058 566 2134 ium,
584 2079 644 2140 per
660 2059 749 2141 quod
766 2069 860 2141 pater
875 2068 952 2122 ante
969 2059 1116 2122 solebat:

209 2163 305 2244 Quae
323 2163 382 2225 tibi
398 2163 556 2244 polliceor
572 2162 686 2226 reduci
702 2163 867 2245 rebusque
885 2163 1047 2238 secundis,

209 2267 306 2329 Haec
323 2267 440 2330 eadem
457 2267 620 2348 matrique
637 2279 714 2330 tuae
730 2267 915 2349 generique
929 2267 1142 2331 manebunt.'’

209 2371 264 2436 Sic
281 2371 327 2434 ait
343 2370 575 2447 inlacrimans;
602 2391 716 2434 umero
734 2371 831 2434 simul
847 2371 936 2436 exuit
952 2391 1076 2447 ensem,

208 2476 386 2551 Auratum,
405 2477 488 2537 mira
504 2495 603 2556 quem
621 2477 749 2539 iecerat
765 2485 835 2539 arte
854 2477 990 2561 Lycaon

127 2601 169 2654 305
208 2580 353 2644 Cnosius
369 2589 469 2661 atque
487 2579 633 2644 habilem
650 2581 772 2661 vagina
788 2590 919 2662 aptarat
935 2580 1069 2643 eburna.

209 2683 277 2746 Dat
294 2682 379 2746 Niso
397 2685 596 2747 Mnestheus
614 2685 734 2766 pellem
751 2685 983 2766 horrentisque
1000 2685 1103 2748 leonis

209 2788 373 2864 Exuvias;
399 2788 530 2869 galeam
547 2789 632 2851 fidus
650 2798 817 2870 permutat
834 2788 960 2852 Aletes.

209 2893 363 2955 Protinus
380 2891 499 2954 armati
514 2892 673 2956 incedunt
683 2914 690 2969 ;
715 2913 798 2974 quos
815 2894 923 2956 omnis
939 2903 1056 2957 euntes

209 2994 393 3059 Primorum
411 3017 529 3060 manus
545 2997 587 3059 ad
605 3008 727 3078 portaS,
745 2998 968 3079 iuvenumque
985 3017 1169 3080 senumque

123 3124 168 3173 310
209 3102 424 3182 Prosequitur
438 3101 531 3164 votis
582 3103 654 3165 Nec
670 3123 738 3166 non
754 3111 788 3165 et
804 3102 943 3184 pulcher
960 3102 1063 3177 IuluS,

208 3206 300 3268 Ante
317 3225 424 3268 annos
442 3205 655 3288 animumque
671 3227 792 3288 gerens
810 3227 990 3288 curamque
1007 3206 1142 3283 virilem,

211 3309 318 3372 Multa
336 3311 422 3391 patri
439 3310 597 3374 mandata
613 3312 714 3374 dabat
732 3312 904 3394 portanda.
953 3311 1020 3375 Sed
1037 3331 1136 3374 aurae

209 3412 333 3477 Omnia
349 3414 553 3497 discerpunt,
572 3425 605 3479 et
621 3417 764 3480 nubibus
781 3416 879 3479 inrita
895 3412 1031 3479 donantss

254 3518 392 3600 Egressi
408 3529 568 3600 superant
584 3522 702 3597 fossas,
721 3521 893 3602 noctisque
911 3541 971 3601 per
986 3520 1137 3584 umbram

123 3645 167 3699 315
210 3622 330 3687 Castra
346 3623 480 3688 inimica
496 3633 622 3706 petunt,
641 3627 751 3688 multis
768 3635 880 3689 tamen
897 3634 974 3687 ante
991 3625 1094 3688 futuri

210 3727 328 3790 Exitio.
377 3729 503 3797 Passim
521 3749 638 3792 somno
653 3731 797 3811 vinoque
815 3749 875 3809 per
891 3729 1028 3791 herbam

209 3832 360 3913 Corpora
377 3831 453 3894 fusa
468 3832 591 3908 vident,
609 3844 755 3896 arrectos
771 3834 865 3895 litore
881 3851 1006 3906 currus,
