<?xml version="1.0" encoding="UTF-8"?>
<!DOCTYPE html PUBLIC "-//W3C//DTD XHTML 1.0 Transitional//EN"
    "http://www.w3.org/TR/xhtml1/DTD/xhtml1-transitional.dtd">
<html xmlns="http://www.w3.org/1999/xhtml" xml:lang="en" lang="en">
 <head>
  <title>
</title>
<meta http-equiv="Content-Type" content="text/html;charset=utf-8" />
  <meta name='ocr-system' content='tesseract 3.04.00' />
  <meta name='ocr-capabilities' content='ocr_page ocr_carea ocr_par ocr_line ocrx_word'/>
</head>
<body>
  <div class='ocr_page' id='page_1' title='image "./virgilsaeneidbo00denngoog_0292.png"; bbox 0 0 2816 4282; ppageno 0'>
   <div class='ocr_carea' id='block_1_1' title="bbox 503 307 1211 385">
    <p class='ocr_par' dir='ltr' id='par_1_1' title="bbox 503 307 1211 385">
     <span class='ocr_line' id='line_1_1' title="bbox 503 307 1211 385; baseline -0.003 -25"><span class='ocrx_word' id='word_1_1' title='bbox 503 307 620 360; x_wconf 72' lang='lat' dir='ltr'>arnan</span> <span class='ocrx_word' id='word_1_2' title='bbox 646 307 821 362; x_wconf 78' lang='lat' dir='ltr'>oacruus</span> <span class='ocrx_word' id='word_1_3' title='bbox 1150 317 1211 385; x_wconf 87' lang='lat'>273</span> 
     </span>
    </p>
   </div>
   <div class='ocr_carea' id='block_1_2' title="bbox 104 486 1211 3796">
    <p class='ocr_par' dir='ltr' id='par_1_2' title="bbox 184 486 1132 779">
     <span class='ocr_line' id='line_1_2' title="bbox 184 486 1132 569; baseline 0.002 -18"><span class='ocrx_word' id='word_1_4' title='bbox 184 486 323 552; x_wconf 83' lang='lat' dir='ltr'>Dixerat</span> <span class='ocrx_word' id='word_1_5' title='bbox 339 487 398 551; x_wconf 88' lang='lat' dir='ltr'>ille</span> <span class='ocrx_word' id='word_1_6' title='bbox 417 486 545 569; x_wconf 91' lang='lat' dir='ltr'>aliquid</span> <span class='ocrx_word' id='word_1_7' title='bbox 562 505 730 567; x_wconf 91' lang='lat' dir='ltr'>magnum,</span> <span class='ocrx_word' id='word_1_8' title='bbox 748 487 881 569; x_wconf 86' lang='lat' dir='ltr'>vimque</span> <span class='ocrx_word' id='word_1_9' title='bbox 899 488 1015 552; x_wconf 86' lang='lat' dir='ltr'>adfore</span> <span class='ocrx_word' id='word_1_10' title='bbox 1031 489 1132 553; x_wconf 91' lang='lat' dir='ltr'>verbo</span> 
     </span>
     <span class='ocr_line' id='line_1_3' title="bbox 184 592 1056 674; baseline 0.001 -18"><span class='ocrx_word' id='word_1_11' title='bbox 184 593 395 668; x_wconf 84' lang='lat' dir='ltr'>Crediderat,</span> <span class='ocrx_word' id='word_1_12' title='bbox 414 593 576 674; x_wconf 89' lang='lat' dir='ltr'>caeloque</span> <span class='ocrx_word' id='word_1_13' title='bbox 593 592 739 654; x_wconf 92' lang='lat' dir='ltr'>animum</span> <span class='ocrx_word' id='word_1_14' title='bbox 757 593 900 656; x_wconf 83' lang='lat' dir='ltr'>fortasse</span> <span class='ocrx_word' id='word_1_15' title='bbox 918 593 1056 670; x_wconf 80' lang='lat' dir='ltr'>ferebat,</span> 
     </span>
     <span class='ocr_line' id='line_1_4' title="bbox 185 695 1096 779; baseline 0 -19"><span class='ocrx_word' id='word_1_16' title='bbox 185 697 424 779; x_wconf 90' lang='lat' dir='ltr'>Canitiemque</span> <span class='ocrx_word' id='word_1_17' title='bbox 442 695 507 758; x_wconf 90' lang='lat' dir='ltr'>sibi</span> <span class='ocrx_word' id='word_1_18' title='bbox 519 706 551 758; x_wconf 91' lang='lat' dir='ltr'>et</span> <span class='ocrx_word' id='word_1_19' title='bbox 567 696 685 777; x_wconf 91' lang='lat' dir='ltr'>longos</span> <span class='ocrx_word' id='word_1_20' title='bbox 703 696 900 776; x_wconf 87' lang='lat' dir='ltr'><strong>promiserat</strong></span> <span class='ocrx_word' id='word_1_21' title='bbox 917 717 1022 760; x_wconf 91' lang='lat' dir='ltr'>annos</span> <span class='ocrx_word' id='word_1_22' title='bbox 1035 718 1041 772; x_wconf 91' lang='lat'>;</span> <span class='ocrx_word' id='word_1_23' title='bbox 1052 735 1096 746; x_wconf 89' lang='lat'><em>-</em></span> 
     </span>
    </p>

    <p class='ocr_par' dir='ltr' id='par_1_3' title="bbox 104 800 1042 883">
     <span class='ocr_line' id='line_1_5' title="bbox 104 800 1042 883; baseline 0.005 -24"><span class='ocrx_word' id='word_1_24' title='bbox 104 823 147 876; x_wconf 82' lang='lat'>550</span> <span class='ocrx_word' id='word_1_25' title='bbox 186 802 370 883; x_wconf 89' lang='lat' dir='ltr'>Tarquitus</span> <span class='ocrx_word' id='word_1_26' title='bbox 387 801 559 864; x_wconf 86' lang='lat' dir='ltr'>exsultans</span> <span class='ocrx_word' id='word_1_27' title='bbox 576 811 691 863; x_wconf 90' lang='lat' dir='ltr'>contra</span> <span class='ocrx_word' id='word_1_28' title='bbox 708 800 916 882; x_wconf 79' lang='lat' dir='ltr'>fulgentibus</span> <span class='ocrx_word' id='word_1_29' title='bbox 933 803 1042 878; x_wconf 78' lang='lat' dir='ltr'>armiS,</span> 
     </span>
    </p>

    <p class='ocr_par' dir='ltr' id='par_1_4' title="bbox 147 905 1093 989">
     <span class='ocr_line' id='line_1_6' title="bbox 147 905 1093 989; baseline 0.002 -21"><span class='ocrx_word' id='word_1_30' title='bbox 147 909 151 916; x_wconf 87' lang='lat'>&#39;</span> <span class='ocrx_word' id='word_1_31' title='bbox 187 906 365 970; x_wconf 91' lang='lat' dir='ltr'>Silvicolae</span> <span class='ocrx_word' id='word_1_32' title='bbox 384 906 504 968; x_wconf 91' lang='lat' dir='ltr'>Fauno</span> <span class='ocrx_word' id='word_1_33' title='bbox 523 905 659 989; x_wconf 88' lang='lat' dir='ltr'>Dryope</span> <span class='ocrx_word' id='word_1_34' title='bbox 675 925 774 986; x_wconf 88' lang='lat' dir='ltr'>quem</span> <span class='ocrx_word' id='word_1_35' title='bbox 791 907 941 989; x_wconf 86' lang='lat' dir='ltr'>nympha</span> <span class='ocrx_word' id='word_1_36' title='bbox 956 916 1093 982; x_wconf 87' lang='lat' dir='ltr'>crearat,</span> 
     </span>
    </p>

    <p class='ocr_par' dir='ltr' id='par_1_5' title="bbox 189 1008 1092 1301">
     <span class='ocr_line' id='line_1_7' title="bbox 189 1008 965 1074; baseline -0.001 -1"><span class='ocrx_word' id='word_1_37' title='bbox 189 1010 318 1074; x_wconf 91' lang='lat' dir='ltr'>Obvius</span> <span class='ocrx_word' id='word_1_38' title='bbox 335 1010 469 1072; x_wconf 87' lang='lat' dir='ltr'>ardenti</span> <span class='ocrx_word' id='word_1_39' title='bbox 486 1029 558 1072; x_wconf 88' lang='lat' dir='ltr'>sese</span> <span class='ocrx_word' id='word_1_40' title='bbox 575 1008 701 1072; x_wconf 91' lang='lat' dir='ltr'>obtulit.</span> <span class='ocrx_word' id='word_1_41' title='bbox 751 1010 812 1072; x_wconf 89' lang='lat' dir='ltr'>Ille</span> <span class='ocrx_word' id='word_1_42' title='bbox 829 1010 965 1072; x_wconf 92' lang='lat' dir='ltr'>reducta</span> 
     </span>
     <span class='ocr_line' id='line_1_8' title="bbox 191 1113 1052 1196; baseline 0 -19"><span class='ocrx_word' id='word_1_43' title='bbox 191 1115 344 1178; x_wconf 85' lang='lat' dir='ltr'>Loricam</span> <span class='ocrx_word' id='word_1_44' title='bbox 363 1113 529 1196; x_wconf 80' lang='lat' dir='ltr'>clipeique</span> <span class='ocrx_word' id='word_1_45' title='bbox 546 1114 664 1194; x_wconf 88' lang='lat' dir='ltr'>ingens</span> <span class='ocrx_word' id='word_1_46' title='bbox 680 1134 765 1176; x_wconf 95' lang='lat' dir='ltr'>onus</span> <span class='ocrx_word' id='word_1_47' title='bbox 781 1113 920 1194; x_wconf 90' lang='lat' dir='ltr'>impedit</span> <span class='ocrx_word' id='word_1_48' title='bbox 936 1115 1052 1189; x_wconf 87' lang='lat' dir='ltr'>hasta;</span> 
     </span>
     <span class='ocr_line' id='line_1_9' title="bbox 190 1218 1092 1301; baseline 0 -19"><span class='ocrx_word' id='word_1_49' title='bbox 190 1221 275 1282; x_wconf 90' lang='lat' dir='ltr'>Tum</span> <span class='ocrx_word' id='word_1_50' title='bbox 293 1228 396 1301; x_wconf 91' lang='lat' dir='ltr'>caput</span> <span class='ocrx_word' id='word_1_51' title='bbox 413 1218 538 1281; x_wconf 89' lang='lat' dir='ltr'>orantis</span> <span class='ocrx_word' id='word_1_52' title='bbox 555 1218 757 1300; x_wconf 82' lang='lat' dir='ltr'>nequiquam</span> <span class='ocrx_word' id='word_1_53' title='bbox 773 1227 807 1281; x_wconf 88' lang='lat' dir='ltr'>et</span> <span class='ocrx_word' id='word_1_54' title='bbox 824 1219 927 1280; x_wconf 90' lang='lat' dir='ltr'>multa</span> <span class='ocrx_word' id='word_1_55' title='bbox 944 1220 1092 1299; x_wconf 89' lang='lat' dir='ltr'>parantis</span> 
     </span>
    </p>

    <p class='ocr_par' dir='ltr' id='par_1_6' title="bbox 112 1323 1169 1822">
     <span class='ocr_line' id='line_1_10' title="bbox 112 1323 1044 1405; baseline 0 -19"><span class='ocrx_word' id='word_1_56' title='bbox 112 1343 152 1399; x_wconf 75' lang='lat'>535</span> <span class='ocrx_word' id='word_1_57' title='bbox 193 1325 313 1387; x_wconf 82' lang='lat' dir='ltr'>Dicere</span> <span class='ocrx_word' id='word_1_58' title='bbox 331 1323 488 1386; x_wconf 90' lang='lat' dir='ltr'>deturbat</span> <span class='ocrx_word' id='word_1_59' title='bbox 504 1332 619 1398; x_wconf 89' lang='lat' dir='ltr'>terrae,</span> <span class='ocrx_word' id='word_1_60' title='bbox 637 1333 858 1404; x_wconf 89' lang='lat' dir='ltr'>truncumque</span> <span class='ocrx_word' id='word_1_61' title='bbox 875 1333 1044 1405; x_wconf 86' lang='lat' dir='ltr'>tepentem</span> 
     </span>
     <span class='ocr_line' id='line_1_11' title="bbox 192 1426 1039 1509; baseline 0.001 -20"><span class='ocrx_word' id='word_1_62' title='bbox 192 1428 396 1491; x_wconf 91' lang='lat' dir='ltr'>Provolvens</span> <span class='ocrx_word' id='word_1_63' title='bbox 413 1447 514 1508; x_wconf 88' lang='lat' dir='ltr'>super</span> <span class='ocrx_word' id='word_1_64' title='bbox 530 1428 612 1490; x_wconf 93' lang='lat' dir='ltr'>haec</span> <span class='ocrx_word' id='word_1_65' title='bbox 629 1426 762 1490; x_wconf 89' lang='lat' dir='ltr'>inimico</span> <span class='ocrx_word' id='word_1_66' title='bbox 780 1437 913 1509; x_wconf 85' lang='lat' dir='ltr'>pectore</span> <span class='ocrx_word' id='word_1_67' title='bbox 930 1428 1039 1490; x_wconf 83' lang='lat' dir='ltr'>fatur:</span> 
     </span>
     <span class='ocr_line' id='line_1_12' title="bbox 193 1532 1169 1613; baseline 0.001 -19"><span class='ocrx_word' id='word_1_68' title='bbox 193 1538 210 1563; x_wconf 91' lang='lat'>“</span> <span class='ocrx_word' id='word_1_69' title='bbox 222 1533 302 1595; x_wconf 91' lang='lat' dir='ltr'>Istic</span> <span class='ocrx_word' id='word_1_70' title='bbox 323 1552 421 1607; x_wconf 91' lang='lat' dir='ltr'>nunc,</span> <span class='ocrx_word' id='word_1_71' title='bbox 440 1532 628 1607; x_wconf 88' lang='lat' dir='ltr'>metuende,</span> <span class='ocrx_word' id='word_1_72' title='bbox 647 1533 727 1594; x_wconf 91' lang='lat' dir='ltr'>iace.</span> <span class='ocrx_word' id='word_1_73' title='bbox 778 1532 854 1594; x_wconf 93' lang='lat' dir='ltr'>Non</span> <span class='ocrx_word' id='word_1_74' title='bbox 871 1541 903 1594; x_wconf 93' lang='lat' dir='ltr'>te</span> <span class='ocrx_word' id='word_1_75' title='bbox 921 1533 1047 1613; x_wconf 91' lang='lat' dir='ltr'>optima</span> <span class='ocrx_word' id='word_1_76' title='bbox 1064 1542 1169 1595; x_wconf 87' lang='lat' dir='ltr'>mater</span> 
     </span>
     <span class='ocr_line' id='line_1_13' title="bbox 193 1634 1166 1718; baseline 0 -19"><span class='ocrx_word' id='word_1_77' title='bbox 193 1637 324 1699; x_wconf 84' lang='lat' dir='ltr'>Condet</span> <span class='ocrx_word' id='word_1_78' title='bbox 342 1637 453 1712; x_wconf 91' lang='lat' dir='ltr'>humo,</span> <span class='ocrx_word' id='word_1_79' title='bbox 471 1635 644 1718; x_wconf 88' lang='lat' dir='ltr'>patrioque</span> <span class='ocrx_word' id='word_1_80' title='bbox 661 1634 812 1698; x_wconf 86' lang='lat' dir='ltr'>onerabit</span> <span class='ocrx_word' id='word_1_81' title='bbox 829 1635 978 1697; x_wconf 88' lang='lat' dir='ltr'>membra</span> <span class='ocrx_word' id='word_1_82' title='bbox 995 1638 1166 1718; x_wconf 84' lang='lat' dir='ltr'>sepulcr03</span> 
     </span>
     <span class='ocr_line' id='line_1_14' title="bbox 193 1739 997 1822; baseline 0 -20"><span class='ocrx_word' id='word_1_83' title='bbox 193 1740 340 1803; x_wconf 92' lang='lat' dir='ltr'>Alitibus</span> <span class='ocrx_word' id='word_1_84' title='bbox 358 1740 507 1822; x_wconf 88' lang='lat' dir='ltr'>linquere</span> <span class='ocrx_word' id='word_1_85' title='bbox 525 1741 613 1816; x_wconf 82' lang='lat' dir='ltr'>feris,</span> <span class='ocrx_word' id='word_1_86' title='bbox 632 1749 688 1802; x_wconf 89' lang='lat' dir='ltr'>aut</span> <span class='ocrx_word' id='word_1_87' title='bbox 703 1739 835 1822; x_wconf 84' lang='lat' dir='ltr'>gurgite</span> <span class='ocrx_word' id='word_1_88' title='bbox 853 1759 997 1802; x_wconf 89' lang='lat' dir='ltr'>mersum</span> 
     </span>
    </p>

    <p class='ocr_par' dir='ltr' id='par_1_7' title="bbox 116 1844 1098 1926">
     <span class='ocr_line' id='line_1_15' title="bbox 116 1844 1098 1926; baseline 0.005 -24"><span class='ocrx_word' id='word_1_89' title='bbox 116 1854 158 1918; x_wconf 80' lang='lat'>560</span> <span class='ocrx_word' id='word_1_90' title='bbox 195 1845 296 1908; x_wconf 90' lang='lat' dir='ltr'>Unda</span> <span class='ocrx_word' id='word_1_91' title='bbox 313 1846 410 1920; x_wconf 80' lang='lat' dir='ltr'>feret,</span> <span class='ocrx_word' id='word_1_92' title='bbox 425 1846 600 1926; x_wconf 89' lang='lat' dir='ltr'>piscesque</span> <span class='ocrx_word' id='word_1_93' title='bbox 616 1845 749 1924; x_wconf 90' lang='lat' dir='ltr'>impasti</span> <span class='ocrx_word' id='word_1_94' title='bbox 765 1844 904 1906; x_wconf 89' lang='lat' dir='ltr'>vulnera</span> <span class='ocrx_word' id='word_1_95' title='bbox 921 1844 1098 1907; x_wconf 84' lang='lat' dir='ltr'>lambent.&#39;&#39;</span> 
     </span>
    </p>

    <p class='ocr_par' dir='ltr' id='par_1_8' title="bbox 237 1947 1190 2029">
     <span class='ocr_line' id='line_1_16' title="bbox 237 1947 1190 2029; baseline 0 -19"><span class='ocrx_word' id='word_1_96' title='bbox 237 1949 393 2012; x_wconf 89' lang='lat' dir='ltr'>Protinus</span> <span class='ocrx_word' id='word_1_97' title='bbox 409 1949 579 2012; x_wconf 85' lang='lat' dir='ltr'>Antaeum</span> <span class='ocrx_word' id='word_1_98' title='bbox 596 1958 629 2010; x_wconf 90' lang='lat' dir='ltr'>et</span> <span class='ocrx_word' id='word_1_99' title='bbox 647 1950 784 2024; x_wconf 87' lang='lat' dir='ltr'>Lucam,</span> <span class='ocrx_word' id='word_1_100' title='bbox 802 1948 909 2029; x_wconf 88' lang='lat' dir='ltr'>prima</span> <span class='ocrx_word' id='word_1_101' title='bbox 925 1948 1060 2028; x_wconf 85' lang='lat' dir='ltr'>agmina</span> <span class='ocrx_word' id='word_1_102' title='bbox 1076 1947 1190 2023; x_wconf 91' lang='lat' dir='ltr'>Turni,</span> 
     </span>
    </p>

    <p class='ocr_par' dir='ltr' id='par_1_9' title="bbox 195 2053 1211 2345">
     <span class='ocr_line' id='line_1_17' title="bbox 196 2053 1211 2136; baseline 0 -22"><span class='ocrx_word' id='word_1_103' title='bbox 196 2054 418 2136; x_wconf 89' lang='lat' dir='ltr'>Persequitur,</span> <span class='ocrx_word' id='word_1_104' title='bbox 429 2054 616 2134; x_wconf 85' lang='lat' dir='ltr'>fortemque</span> <span class='ocrx_word' id='word_1_105' title='bbox 635 2053 790 2128; x_wconf 91' lang='lat' dir='ltr'>Numam,</span> <span class='ocrx_word' id='word_1_106' title='bbox 809 2053 1005 2135; x_wconf 83' lang='lat' dir='ltr'>fulvumque</span> <span class='ocrx_word' id='word_1_107' title='bbox 1023 2053 1211 2117; x_wconf 89' lang='lat' dir='ltr'>Camertem</span> 
     </span>
     <span class='ocr_line' id='line_1_18' title="bbox 197 2156 1031 2238; baseline -0.001 -19"><span class='ocrx_word' id='word_1_108' title='bbox 197 2158 416 2238; x_wconf 88' lang='lat' dir='ltr'>Magnanimo</span> <span class='ocrx_word' id='word_1_109' title='bbox 432 2159 611 2220; x_wconf 88' lang='lat' dir='ltr'>Volscente</span> <span class='ocrx_word' id='word_1_110' title='bbox 629 2168 746 2232; x_wconf 90' lang='lat' dir='ltr'>satum,</span> <span class='ocrx_word' id='word_1_111' title='bbox 761 2156 944 2219; x_wconf 92' lang='lat' dir='ltr'>ditissimus</span> <span class='ocrx_word' id='word_1_112' title='bbox 960 2157 1031 2238; x_wconf 88' lang='lat' dir='ltr'>agri</span> 
     </span>
     <span class='ocr_line' id='line_1_19' title="bbox 195 2260 1102 2345; baseline 0.001 -22"><span class='ocrx_word' id='word_1_113' title='bbox 195 2261 263 2343; x_wconf 87' lang='lat' dir='ltr'>Qui</span> <span class='ocrx_word' id='word_1_114' title='bbox 279 2262 343 2324; x_wconf 84' lang='lat' dir='ltr'>luit</span> <span class='ocrx_word' id='word_1_115' title='bbox 359 2262 582 2336; x_wconf 91' lang='lat' dir='ltr'>Ausonidum,</span> <span class='ocrx_word' id='word_1_116' title='bbox 599 2271 633 2324; x_wconf 86' lang='lat' dir='ltr'>et</span> <span class='ocrx_word' id='word_1_117' title='bbox 648 2261 757 2324; x_wconf 89' lang='lat' dir='ltr'>tacitis</span> <span class='ocrx_word' id='word_1_118' title='bbox 774 2260 926 2342; x_wconf 90' lang='lat' dir='ltr'>regnavit</span> <span class='ocrx_word' id='word_1_119' title='bbox 942 2261 1102 2345; x_wconf 89' lang='lat' dir='ltr'>Amyclis.</span> 
     </span>
    </p>

    <p class='ocr_par' dir='ltr' id='par_1_10' title="bbox 118 2364 1130 2865">
     <span class='ocr_line' id='line_1_20' title="bbox 118 2364 1017 2447; baseline -0.001 -20"><span class='ocrx_word' id='word_1_120' title='bbox 118 2374 157 2438; x_wconf 81' lang='lat'>5⁶5</span> <span class='ocrx_word' id='word_1_121' title='bbox 195 2365 359 2446; x_wconf 90' lang='lat' dir='ltr'>Aegaeon</span> <span class='ocrx_word' id='word_1_122' title='bbox 377 2365 494 2447; x_wconf 89' lang='lat' dir='ltr'>qualis,</span> <span class='ocrx_word' id='word_1_123' title='bbox 512 2376 644 2428; x_wconf 89' lang='lat' dir='ltr'>eentum</span> <span class='ocrx_word' id='word_1_124' title='bbox 663 2365 715 2428; x_wconf 94' lang='lat' dir='ltr'>cui</span> <span class='ocrx_word' id='word_1_125' title='bbox 731 2364 887 2428; x_wconf 89' lang='lat' dir='ltr'>bracchia</span> <span class='ocrx_word' id='word_1_126' title='bbox 904 2365 1017 2427; x_wconf 92' lang='lat' dir='ltr'>dicunt</span> 
     </span>
     <span class='ocr_line' id='line_1_21' title="bbox 196 2469 1094 2551; baseline -0.002 -17"><span class='ocrx_word' id='word_1_127' title='bbox 196 2470 433 2551; x_wconf 90' lang='lat' dir='ltr'>Centenasque</span> <span class='ocrx_word' id='word_1_128' title='bbox 449 2490 577 2545; x_wconf 90' lang='lat' dir='ltr'>manus,</span> <span class='ocrx_word' id='word_1_129' title='bbox 595 2469 837 2551; x_wconf 91' lang='lat' dir='ltr'>quinquaginta</span> <span class='ocrx_word' id='word_1_130' title='bbox 853 2469 966 2532; x_wconf 92' lang='lat' dir='ltr'>oribus</span> <span class='ocrx_word' id='word_1_131' title='bbox 981 2471 1094 2550; x_wconf 86' lang='lat' dir='ltr'>ignem</span> 
     </span>
     <span class='ocr_line' id='line_1_22' title="bbox 198 2572 1096 2655; baseline 0 -19"><span class='ocrx_word' id='word_1_132' title='bbox 198 2574 457 2655; x_wconf 90' lang='lat' dir='ltr'>Pectoribusque</span> <span class='ocrx_word' id='word_1_133' title='bbox 474 2573 605 2650; x_wconf 91' lang='lat' dir='ltr'>arsisse,</span> <span class='ocrx_word' id='word_1_134' title='bbox 626 2574 714 2636; x_wconf 90' lang='lat' dir='ltr'>lovis</span> <span class='ocrx_word' id='word_1_135' title='bbox 731 2593 805 2636; x_wconf 94' lang='lat' dir='ltr'>cum</span> <span class='ocrx_word' id='word_1_136' title='bbox 824 2572 965 2636; x_wconf 84' lang='lat' dir='ltr'>fulmina</span> <span class='ocrx_word' id='word_1_137' title='bbox 981 2583 1096 2636; x_wconf 89' lang='lat' dir='ltr'>contra</span> 
     </span>
     <span class='ocr_line' id='line_1_23' title="bbox 196 2677 1130 2760; baseline 0.001 -21"><span class='ocrx_word' id='word_1_138' title='bbox 196 2678 263 2740; x_wconf 91' lang='lat' dir='ltr'>Tot</span> <span class='ocrx_word' id='word_1_139' title='bbox 279 2678 415 2759; x_wconf 93' lang='lat' dir='ltr'>paribus</span> <span class='ocrx_word' id='word_1_140' title='bbox 432 2687 595 2760; x_wconf 89' lang='lat' dir='ltr'>streperet</span> <span class='ocrx_word' id='word_1_141' title='bbox 611 2677 735 2759; x_wconf 78' lang='lat' dir='ltr'>clipeiS,</span> <span class='ocrx_word' id='word_1_142' title='bbox 753 2687 802 2740; x_wconf 90' lang='lat' dir='ltr'>tot</span> <span class='ocrx_word' id='word_1_143' title='bbox 818 2679 997 2758; x_wconf 88' lang='lat' dir='ltr'>stringeret</span> <span class='ocrx_word' id='word_1_144' title='bbox 1013 2697 1130 2740; x_wconf 91' lang='lat' dir='ltr'>enses:</span> 
     </span>
     <span class='ocr_line' id='line_1_24' title="bbox 199 2782 997 2865; baseline -0.004 -19"><span class='ocrx_word' id='word_1_145' title='bbox 199 2782 252 2846; x_wconf 91' lang='lat' dir='ltr'>Sic</span> <span class='ocrx_word' id='word_1_146' title='bbox 269 2793 339 2846; x_wconf 88' lang='lat' dir='ltr'>toto</span> <span class='ocrx_word' id='word_1_147' title='bbox 355 2783 493 2845; x_wconf 88' lang='lat' dir='ltr'>Aeneas</span> <span class='ocrx_word' id='word_1_148' title='bbox 509 2782 658 2846; x_wconf 87' lang='lat' dir='ltr'>desaevit</span> <span class='ocrx_word' id='word_1_149' title='bbox 674 2782 706 2844; x_wconf 95' lang='lat' dir='ltr'>in</span> <span class='ocrx_word' id='word_1_150' title='bbox 724 2801 867 2865; x_wconf 90' lang='lat' dir='ltr'>aequore</span> <span class='ocrx_word' id='word_1_151' title='bbox 883 2782 997 2857; x_wconf 89' lang='lat' dir='ltr'>victor,</span> 
     </span>
    </p>

    <p class='ocr_par' dir='ltr' id='par_1_11' title="bbox 121 2885 1129 3388">
     <span class='ocr_line' id='line_1_25' title="bbox 121 2885 1061 2968; baseline 0.003 -23"><span class='ocrx_word' id='word_1_152' title='bbox 121 2909 162 2960; x_wconf 87' lang='lat'>57⁰</span> <span class='ocrx_word' id='word_1_153' title='bbox 201 2888 248 2951; x_wconf 91' lang='lat' dir='ltr'>Ut</span> <span class='ocrx_word' id='word_1_154' title='bbox 265 2888 369 2950; x_wconf 88' lang='lat' dir='ltr'>semel</span> <span class='ocrx_word' id='word_1_155' title='bbox 385 2887 527 2968; x_wconf 85' lang='lat' dir='ltr'>intepuit</span> <span class='ocrx_word' id='word_1_156' title='bbox 544 2906 666 2949; x_wconf 90' lang='lat' dir='ltr'>mucro.</span> <span class='ocrx_word' id='word_1_157' title='bbox 715 2885 804 2968; x_wconf 85' lang='lat' dir='ltr'>Quin</span> <span class='ocrx_word' id='word_1_158' title='bbox 821 2905 898 2949; x_wconf 90' lang='lat' dir='ltr'>ecce</span> <span class='ocrx_word' id='word_1_159' title='bbox 917 2886 1061 2967; x_wconf 91' lang='lat' dir='ltr'>Niphaei</span> 
     </span>
     <span class='ocr_line' id='line_1_26' title="bbox 198 2991 1096 3074; baseline -0.001 -20"><span class='ocrx_word' id='word_1_160' title='bbox 198 2991 422 3074; x_wconf 78' lang='lat' dir='ltr'>Quadriiugos</span> <span class='ocrx_word' id='word_1_161' title='bbox 438 2993 470 3053; x_wconf 94' lang='lat' dir='ltr'>in</span> <span class='ocrx_word' id='word_1_162' title='bbox 487 3011 592 3073; x_wconf 90' lang='lat' dir='ltr'>equos</span> <span class='ocrx_word' id='word_1_163' title='bbox 608 2992 813 3072; x_wconf 86' lang='lat' dir='ltr'>adversaque</span> <span class='ocrx_word' id='word_1_164' title='bbox 830 3000 965 3072; x_wconf 91' lang='lat' dir='ltr'>pectora</span> <span class='ocrx_word' id='word_1_165' title='bbox 981 2991 1096 3053; x_wconf 92' lang='lat' dir='ltr'>tendit.</span> 
     </span>
     <span class='ocr_line' id='line_1_27' title="bbox 199 3095 1077 3178; baseline -0.002 -19"><span class='ocrx_word' id='word_1_166' title='bbox 199 3097 312 3178; x_wconf 90' lang='lat' dir='ltr'>Atque</span> <span class='ocrx_word' id='word_1_167' title='bbox 328 3096 384 3171; x_wconf 92' lang='lat' dir='ltr'>illi,</span> <span class='ocrx_word' id='word_1_168' title='bbox 403 3095 502 3177; x_wconf 88' lang='lat' dir='ltr'>longe</span> <span class='ocrx_word' id='word_1_169' title='bbox 519 3096 725 3176; x_wconf 87' lang='lat' dir='ltr'>gradientem</span> <span class='ocrx_word' id='word_1_170' title='bbox 742 3105 775 3158; x_wconf 91' lang='lat' dir='ltr'>et</span> <span class='ocrx_word' id='word_1_171' title='bbox 792 3095 863 3157; x_wconf 89' lang='lat' dir='ltr'>dira</span> <span class='ocrx_word' id='word_1_172' title='bbox 880 3095 1077 3158; x_wconf 83' lang='lat' dir='ltr'>frementem</span> 
     </span>
     <span class='ocr_line' id='line_1_28' title="bbox 200 3200 918 3281; baseline -0.007 -16"><span class='ocrx_word' id='word_1_173' title='bbox 200 3203 248 3265; x_wconf 89' lang='lat' dir='ltr'>Ut</span> <span class='ocrx_word' id='word_1_174' title='bbox 263 3201 385 3275; x_wconf 89' lang='lat' dir='ltr'>videre,</span> <span class='ocrx_word' id='word_1_175' title='bbox 404 3209 495 3263; x_wconf 91' lang='lat' dir='ltr'>metu</span> <span class='ocrx_word' id='word_1_176' title='bbox 510 3200 597 3262; x_wconf 91' lang='lat' dir='ltr'>versi</span> <span class='ocrx_word' id='word_1_177' title='bbox 614 3209 767 3281; x_wconf 85' lang='lat' dir='ltr'>retroque</span> <span class='ocrx_word' id='word_1_178' title='bbox 784 3208 918 3262; x_wconf 90' lang='lat' dir='ltr'>ruentes</span> 
     </span>
     <span class='ocr_line' id='line_1_29' title="bbox 201 3302 1129 3388; baseline -0.003 -21"><span class='ocrx_word' id='word_1_179' title='bbox 201 3305 458 3388; x_wconf 87' lang='lat' dir='ltr'>Effunduntque</span> <span class='ocrx_word' id='word_1_180' title='bbox 473 3305 602 3379; x_wconf 87' lang='lat' dir='ltr'>ducem,</span> <span class='ocrx_word' id='word_1_181' title='bbox 619 3305 819 3386; x_wconf 89' lang='lat' dir='ltr'>rapiuntque</span> <span class='ocrx_word' id='word_1_182' title='bbox 836 3303 878 3366; x_wconf 90' lang='lat' dir='ltr'>ad</span> <span class='ocrx_word' id='word_1_183' title='bbox 894 3302 990 3366; x_wconf 93' lang='lat' dir='ltr'>litora</span> <span class='ocrx_word' id='word_1_184' title='bbox 1006 3322 1129 3365; x_wconf 93' lang='lat' dir='ltr'>currus.</span> 
     </span>
    </p>

    <p class='ocr_par' dir='ltr' id='par_1_12' title="bbox 120 3407 1131 3796">
     <span class='ocr_line' id='line_1_30' title="bbox 120 3407 955 3490; baseline -0.001 -20"><span class='ocrx_word' id='word_1_185' title='bbox 120 3431 160 3485; x_wconf 82' lang='lat'>575</span> <span class='ocrx_word' id='word_1_186' title='bbox 245 3410 378 3472; x_wconf 90' lang='lat' dir='ltr'>Interea</span> <span class='ocrx_word' id='word_1_187' title='bbox 391 3408 511 3490; x_wconf 88' lang='lat' dir='ltr'>biiugis</span> <span class='ocrx_word' id='word_1_188' title='bbox 527 3409 628 3471; x_wconf 86' lang='lat' dir='ltr'>infert</span> <span class='ocrx_word' id='word_1_189' title='bbox 645 3427 680 3472; x_wconf 87' lang='lat' dir='ltr'>se</span> <span class='ocrx_word' id='word_1_190' title='bbox 699 3409 855 3489; x_wconf 88' lang='lat' dir='ltr'>Lucagus</span> <span class='ocrx_word' id='word_1_191' title='bbox 872 3407 955 3469; x_wconf 89' lang='lat' dir='ltr'>albis</span> 
     </span>
     <span class='ocr_line' id='line_1_31' title="bbox 202 3510 1075 3594; baseline 0 -20"><span class='ocrx_word' id='word_1_192' title='bbox 202 3513 241 3576; x_wconf 93' lang='lat' dir='ltr'>In</span> <span class='ocrx_word' id='word_1_193' title='bbox 258 3515 396 3589; x_wconf 90' lang='lat' dir='ltr'>medios,</span> <span class='ocrx_word' id='word_1_194' title='bbox 407 3515 577 3594; x_wconf 85' lang='lat' dir='ltr'>fraterque</span> <span class='ocrx_word' id='word_1_195' title='bbox 595 3513 715 3594; x_wconf 84' lang='lat' dir='ltr'>Liger3</span> <span class='ocrx_word' id='word_1_196' title='bbox 740 3513 797 3576; x_wconf 90' lang='lat' dir='ltr'>sed</span> <span class='ocrx_word' id='word_1_197' title='bbox 815 3514 919 3580; x_wconf 84' lang='lat' dir='ltr'>frater</span> <span class='ocrx_word' id='word_1_198' title='bbox 935 3510 1075 3574; x_wconf 91' lang='lat' dir='ltr'>habenis</span> 
     </span>
     <span class='ocr_line' id='line_1_32' title="bbox 203 3616 1131 3699; baseline -0.004 -18"><span class='ocrx_word' id='word_1_199' title='bbox 203 3619 322 3682; x_wconf 88' lang='lat' dir='ltr'>Flectit</span> <span class='ocrx_word' id='word_1_200' title='bbox 338 3637 451 3699; x_wconf 89' lang='lat' dir='ltr'>equos,</span> <span class='ocrx_word' id='word_1_201' title='bbox 470 3616 618 3680; x_wconf 91' lang='lat' dir='ltr'>strictum</span> <span class='ocrx_word' id='word_1_202' title='bbox 636 3626 723 3680; x_wconf 86' lang='lat' dir='ltr'>rotat</span> <span class='ocrx_word' id='word_1_203' title='bbox 739 3636 815 3691; x_wconf 84' lang='lat' dir='ltr'>acer</span> <span class='ocrx_word' id='word_1_204' title='bbox 833 3617 990 3697; x_wconf 88' lang='lat' dir='ltr'>Lucagus</span> <span class='ocrx_word' id='word_1_205' title='bbox 1007 3634 1131 3679; x_wconf 89' lang='lat' dir='ltr'>ensem.</span> 
     </span>
     <span class='ocr_line' id='line_1_33' title="bbox 203 3721 994 3796; baseline -0.001 -11"><span class='ocrx_word' id='word_1_206' title='bbox 203 3724 305 3786; x_wconf 87' lang='lat' dir='ltr'>Haud</span> <span class='ocrx_word' id='word_1_207' title='bbox 320 3723 396 3785; x_wconf 89' lang='lat' dir='ltr'>tulit</span> <span class='ocrx_word' id='word_1_208' title='bbox 413 3722 549 3784; x_wconf 89' lang='lat' dir='ltr'>Aeneas</span> <span class='ocrx_word' id='word_1_209' title='bbox 565 3730 658 3784; x_wconf 90' lang='lat' dir='ltr'>tanto</span> <span class='ocrx_word' id='word_1_210' title='bbox 675 3722 805 3784; x_wconf 83' lang='lat' dir='ltr'>fervore</span> <span class='ocrx_word' id='word_1_211' title='bbox 824 3721 973 3784; x_wconf 80' lang='lat' dir='ltr'>furentes</span> <span class='ocrx_word' id='word_1_212' title='bbox 987 3741 994 3796; x_wconf 92' lang='lat'>;</span> 
     </span>
    </p>
   </div>
   <div class='ocr_carea' id='block_1_3' title="bbox 138 3817 970 3987">
    <p class='ocr_par' dir='ltr' id='par_1_13' title="bbox 138 3817 970 3987">
     <span class='ocr_line' id='line_1_34' title="bbox 138 3817 970 3908; baseline -0.007 -17"><span class='ocrx_word' id='word_1_213' title='bbox 138 3817 140 3820; x_wconf 37' lang='lat'>¹</span> <span class='ocrx_word' id='word_1_214' title='bbox 203 3827 318 3903; x_wconf 91' lang='lat' dir='ltr'>Inruit,</span> <span class='ocrx_word' id='word_1_215' title='bbox 336 3826 543 3908; x_wconf 87' lang='lat' dir='ltr'>adversaque</span> <span class='ocrx_word' id='word_1_216' title='bbox 559 3825 679 3907; x_wconf 90' lang='lat' dir='ltr'>ingens</span> <span class='ocrx_word' id='word_1_217' title='bbox 695 3824 849 3906; x_wconf 91' lang='lat' dir='ltr'>apparuit</span> <span class='ocrx_word' id='word_1_218' title='bbox 865 3824 970 3885; x_wconf 89' lang='lat' dir='ltr'>hasta.</span> 
     </span>
     <span class='ocr_line' id='line_1_35' title="bbox 279 3935 593 3987; baseline -0.013 0"><span class='ocrx_word' id='word_1_219' title='bbox 279 3939 397 3987; x_wconf 76' lang='lat' dir='ltr'>rnmzrr’s</span> <span class='ocrx_word' id='word_1_220' title='bbox 409 3949 551 3984; x_wconf 77' lang='lat' dir='ltr'>nauarb-</span> <span class='ocrx_word' id='word_1_221' title='bbox 564 3935 593 3984; x_wconf 91' lang='lat'>18</span> 
     </span>
    </p>
   </div>
   <div class='ocr_carea' id='block_1_4' title="bbox 0 0 1435 4282">
    <p class='ocr_par' dir='ltr' id='par_1_14' title="bbox 0 0 1435 4282">
     <span class='ocr_line' id='line_1_36' title="bbox 0 0 1435 4282; baseline 0 0"><span class='ocrx_word' id='word_1_222' title='bbox 0 0 1435 4282; x_wconf 95' lang='lat' dir='ltr'> </span> 
     </span>
    </p>
   </div>
  </div>
 </body>
</html>
