2796 4282
500 298 617 352 LIBER
642 299 813 353 TERTIUS

88 493 147 559 285
185 479 228 543 Et
241 478 396 561 glacialis
415 478 522 542 hiems
539 478 748 560 aquilonibus
766 489 899 560 asperat
916 479 1030 542 undas.

185 585 271 648 Aere
288 604 374 648 cavo
391 583 547 664 clipeum,
565 583 678 664 magni
695 592 868 668 gestamen
886 583 1039 659 Abantis,

186 687 338 752 Postibus
355 687 507 750 adversis
524 687 598 767 figo,
616 697 649 749 et
666 707 734 749 rern
752 687 897 750 carmine
914 689 1028 769 signo:

185 793 362 855 “Aauaxs
379 809 473 854 unae
490 809 536 852 na
553 809 679 854 uxunrs
695 809 898 855 vrcrorusus
914 793 1042 854 Arrun.''

228 897 400 978 Linquere
416 905 487 958 turn
506 904 621 976 portus
638 894 735 958 iubeo
751 905 784 958 et
800 895 971 960 considere
988 896 1149 960 transtris.

32 1033 35 1038 ·
94 1028 146 1077 290
186 1000 347 1067 Certatim
363 1001 446 1063 socii
462 1000 586 1062 feriunt
603 1018 693 1063 mare
710 1007 744 1062 et
759 1019 904 1081 aequora
919 1010 1063 1063 verrunt.

186 1105 342 1168 Protinus
358 1103 466 1166 aerias
485 1104 672 1166 Phaeacum
689 1103 925 1167 abscondimus
941 1125 1044 1181 arces,

189 1209 369 1291 Litoraque
389 1207 482 1290 Epiri
499 1208 641 1289 legimus
657 1218 822 1290 portuque
839 1208 987 1272 subimus

186 1313 338 1379 Chaonio
353 1323 388 1376 et
404 1313 526 1376 celsam
547 1311 701 1374 Buthroti
717 1312 906 1375 accedimus
922 1313 1047 1376 urbem.

230 1418 297 1482 Hic
315 1417 517 1482 incredibilis
533 1437 643 1480 rerum
661 1417 752 1478 fama
769 1427 910 1499 occupat
927 1421 1033 1494 aure's,

100 1549 146 1603 ²95
188 1522 378 1587 Priamiden
397 1522 566 1585 Helenum
584 1521 702 1585 Graias
719 1541 858 1602 regnare
876 1542 935 1603 per
952 1523 1059 1598 urbes,

187 1626 352 1708 Coniugio
370 1625 540 1690 Aeacidae
559 1625 676 1709 Pyrrhi
693 1626 900 1709 sceptrisque
916 1627 1065 1708 potitum,

188 1733 232 1795 Et
249 1733 357 1813 patrio
375 1731 637 1794 Andromachen
655 1731 773 1794 iterum
790 1732 928 1794 cessisse
946 1731 1072 1794 marito

187 1837 355 1917 Obstipui,
374 1834 525 1917 miroque
542 1834 714 1897 incensum
733 1844 849 1916 pectus
866 1855 986 1911 amore,

187 1941 399 2021 Compellare
416 1941 522 2002 virum
539 1949 572 2002 et
588 1959 686 2002 casus
702 1959 905 2020 cognoscere
923 1949 1041 2004 tantos.

101 2073 146 2123 300
188 2044 385 2126 Progredior
402 2053 509 2125 portu,
528 2043 651 2108 classes
667 2053 701 2106 et
718 2044 813 2107 litora
829 2043 1002 2126 linquens:

187 2149 375 2213 Sollemnes
392 2168 467 2211 curn
485 2149 572 2211 forte
589 2150 693 2228 dapes
709 2158 742 2210 et
759 2149 864 2211 tristia
880 2149 968 2212 dona

186 2255 279 2316 Ante
296 2252 413 2315 urbem
429 2252 463 2315 in
480 2253 555 2316 luco
573 2253 651 2315 falsi
668 2252 847 2317 Simoentis
864 2253 906 2315 ad
923 2253 1047 2316 undam

187 2356 332 2421 Libaba't
348 2357 451 2420 cineri
468 2357 706 2420 Andromache
725 2358 911 2439 Manesque
927 2357 1066 2420 vocabat

188 2462 395 2525 Hectoreum
412 2461 454 2523 ad
470 2463 645 2536 tumulum,
663 2462 758 2524 viridi
776 2481 873 2543 quem
891 2463 1038 2543 caespite
1055 2462 1186 2526 inanem

99 2593 144 2644 305
189 2567 233 2628 Et
250 2566 411 2646 geminas
429 2585 564 2627 causam
582 2565 735 2641 lacrimis
754 2576 942 2628 sacraverat
958 2587 1041 2629 aras.

188 2671 237 2735 Ut
254 2689 307 2733 me
323 2669 498 2750 conspexit
515 2670 703 2733 venientem
719 2680 752 2732 et
768 2671 869 2732 Trota
886 2671 1009 2733 circum

187 2775 295 2836 Arma
311 2793 427 2837 amens
444 2771 534 2848 vidit,
552 2775 682 2855 magnis
699 2774 853 2837 exterrita
870 2775 1026 2837 monstris

189 2877 346 2959 Deriguit
361 2879 434 2941 visu
451 2877 484 2940 in
501 2878 620 2954 medio,
639 2879 729 2942 calor
745 2899 820 2942 ossa
837 2878 986 2961 reliquit;
1024 2888 1027 2894 '

189 2983 339 3059 Labitur,
357 2992 392 3047 et
407 2983 507 3076 longo
523 2983 577 3046 vix
593 2983 729 3046 tandem
746 2993 896 3064 tempore
913 2985 1021 3046 fatur:

100 3114 147 3166 310
190 3088 353 3150 “Verane
369 3096 402 3149 te
419 3087 532 3163 facies,
550 3108 649 3150 verus
665 3088 747 3150 mibi
763 3088 899 3150 nuntius
916 3089 1037 3162 adfers,

190 3192 279 3254 Nate
296 3191 381 3254 dea?
404 3191 554 3255 vivisne?
579 3202 645 3268 aut,
664 3193 691 3255 si
708 3194 763 3255 lux
780 3194 867 3254 alma
883 3193 1028 3268 recessit,

189 3296 318 3358 Hector
330 3295 387 3358 ubi
399 3304 450 3359 est
462 3296 499 3358 ?''
549 3297 649 3372 Dixit,
664 3298 884 3378 lacrimasque
897 3297 1017 3360 effudit
1029 3306 1062 3360 et
1074 3317 1206 3360 omnem

190 3400 348 3481 Implevit
363 3400 508 3464 clamore
525 3400 643 3463 locum.
691 3401 755 3465 Vix
772 3421 880 3482 pauca
896 3401 1020 3464 furenti

190 3503 326 3568 Subicio
342 3513 376 3567 et
392 3504 474 3568 raris
491 3505 643 3569 turbatus
660 3506 796 3568 vocibus
813 3507 923 3570 hisco:

102 3635 146 3686 3¹5
235 3609 350 3673 “Vivo
366 3607 529 3690 equidem,
548 3610 718 3692 vitamque
735 3618 882 3672 extrema
899 3629 958 3692 per
975 3609 1086 3672 omnia
1102 3609 1206 3684 duco;

190 3713 243 3776 Ne
259 3712 384 3788 dubita,
403 3732 480 3775 narn
497 3731 576 3776 vera
592 3713 694 3777 vides.

190 3818 286 3880 Heu!
312 3818 387 3899 quis
404 3827 437 3880 te
453 3837 550 3882 casus
567 3818 729 3881 deiectam
746 3817 888 3898 coniuge
905 3827 997 3880 tanto
