2796 4282
196 318 253 371 112
547 317 706 369 VERGlLl
734 315 932 368 AENEIDOS

192 508 238 574 285
280 496 394 578 Atque
410 496 557 559 animum
574 516 662 560 nunc
679 497 744 558 huc
765 495 916 568 celerem,
935 513 1023 556 nunc
1040 491 1157 555 dividit
1173 490 1255 566 illuc,

281 602 320 663 ln
339 611 516 683 partesque
532 602 619 683 rapit
636 600 744 662 varias
761 619 886 681 perque
902 599 1014 662 omnia
1029 606 1150 660 versat.

281 706 377 768 Haec
394 705 571 768 alternanti
587 707 695 786 potior
711 705 876 767 sententia
891 702 963 764 visa
978 711 1046 765 est:

282 811 460 873 Mnesthea
478 810 739 891 Sergestumque
755 816 852 870 vocat
868 807 1056 887 fortemque
1073 806 1249 879 Serestum,

281 914 430 979 Classem
447 923 563 996 aptent
579 913 671 976 taciti
686 913 858 994 sociosque
876 911 917 974 ad
935 911 1029 973 litora
1045 918 1179 991 cogant,
1211 975 1216 982 ,

193 1048 239 1095 290
281 1020 387 1081 Arma
403 1028 531 1101 parent,
549 1027 590 1094 et,
609 1038 695 1101 quae
711 1017 811 1081 rebus
828 1017 871 1079 sit
885 1036 986 1079 causa
1002 1013 1177 1089 novandis,

282 1123 519 1200 Dissimulent;
545 1143 619 1186 sese
635 1122 772 1198 interea,
790 1121 924 1204 quando
941 1119 1066 1202 optima
1084 1117 1174 1181 Dido

282 1227 418 1290 Nesciat
434 1237 466 1290 et
483 1237 594 1290 tantos
611 1227 720 1308 rumpi
735 1247 802 1289 non
819 1235 932 1306 speret
948 1244 1086 1299 amores

279 1332 535 1414 Temptaturum
553 1331 671 1407 aditus
688 1341 721 1394 et
738 1351 823 1412 quae
840 1328 1033 1392 mollissima
1050 1326 1145 1390 fandi

280 1438 456 1518 Tempora,
475 1436 548 1517 quis
564 1435 664 1498 rebus
681 1436 795 1498 dexter
811 1434 936 1496 modus
987 1431 1091 1496 Ocius
1108 1451 1225 1493 omnes

193 1566 239 1619 ²95
283 1541 428 1622 Imperio
445 1540 523 1602 laeti
540 1549 660 1620 parent
676 1560 714 1603 ac
730 1540 820 1602 iussa
837 1539 1018 1602 lacessunt.

324 1749 373 1810 At
388 1749 504 1829 regina
520 1747 751 1829 dolos-quis
767 1747 885 1808 fallere
901 1748 1006 1828 possit
1023 1753 1192 1806 amantem
1205 1743 1269 1804 ἓ-

282 1852 479 1927 Praesensit,
497 1862 674 1934 motusque
689 1851 821 1931 excepit
837 1850 943 1932 prima
960 1851 1099 1924 futuros,

282 1956 405 2021 Omnia
420 1965 492 2018 tuta
507 1957 637 2019 timens.
687 1956 813 2018 Eadem
830 1954 932 2036 impia
950 1955 1056 2016 Fama
1071 1951 1197 2015 furenti

283 2060 412 2123 Detulit
429 2061 548 2123 armari
566 2060 707 2122 classem
724 2079 924 2140 cursumque
941 2058 1058 2140 parari.
1130 2071 1133 2078 '

194 2193 241 2243 300
283 2163 396 2229 Saevit
412 2164 510 2246 inops
528 2164 637 2240 animi,
656 2173 828 2245 totamque
844 2163 980 2226 incensa
997 2181 1057 2244 per
1072 2160 1188 2224 urbem

284 2269 481 2344 Bacchatur,
500 2269 606 2350 qualis
623 2267 797 2331 commotis
814 2266 921 2330 excita
938 2267 1040 2330 sacris

283 2374 419 2457 Thyias,
437 2372 494 2434 ubi
510 2373 623 2436 audito
641 2373 814 2434 stimulant
829 2371 994 2434 trieterica
1012 2369 1145 2432 Baccho

284 2476 389 2558 Orgia
406 2486 656 2558 nocturnusque
672 2485 769 2539 vocat
786 2477 930 2538 clamore
948 2473 1138 2537 Cithaeron.

283 2580 434 2643 Tandem
452 2581 504 2644 his
522 2582 663 2643 Aenean
681 2579 861 2662 compellat
877 2579 1015 2642 vocibus
1033 2579 1137 2640 ultro:

196 2712 242 2764 305
330 2685 579 2748 “Dissimulare
597 2685 696 2747 etiam
714 2683 865 2766 sperasti,
884 2682 1019 2765 perfide,
1037 2691 1167 2745 tantum

286 2791 387 2853 Posse
404 2789 508 2864 nefas,
526 2790 713 2870 tacitusque
730 2808 805 2850 mea
821 2787 983 2851 decedere
998 2786 1108 2849 terra?

287 2894 359 2955 Nee
375 2902 409 2955 te
425 2902 538 2956 noster
553 2913 654 2967 amor,
672 2912 734 2955 nec
750 2901 783 2955 te
799 2892 877 2954 data
894 2890 1029 2953 dextera
1045 2888 1223 2971 quondam,

287 2998 359 3059 Nec
376 2996 534 3060 moritura
550 3005 642 3059 tenet
658 2995 784 3058 crudeli
800 2996 919 3057 funere
938 2993 1048 3062 Dido?

287 3100 492 3182 Quinetiam
509 3099 648 3164 hiberno
665 3100 788 3162 moliris
805 3101 912 3162 sidere
928 3099 1077 3172 classem,

199 3233 245 3283 310
287 3205 332 3278 Et
348 3204 465 3268 mediis
482 3225 642 3286 properas
659 3204 868 3286 aquilonibus
884 3202 932 3265 ire
948 3223 1008 3283 per
1024 3203 1136 3277 altum,

288 3308 462 3372 Crudelis?
510 3308 622 3389 Quid?
647 3308 674 3370 si
690 3329 756 3370 non
774 3328 852 3369 arva
868 3306 976 3370 aliena
991 3306 1174 3386 domosque

290 3414 428 3493 ignotas
446 3422 587 3494 peteres,
604 3422 638 3476 et
653 3411 754 3475 Troia
771 3411 907 3493 antiqua
924 3418 1082 3485 maneret,

287 3517 388 3579 Troia
405 3536 464 3598 per
480 3517 645 3579 undosum
663 3525 832 3598 peteretur
848 3515 1009 3579 classibus
1026 3514 1171 3594 aequor?

290 3623 392 3684 Mene
408 3621 521 3702 fugis?
578 3622 639 3682 Per
654 3641 720 3701 ego
736 3621 796 3682 has
813 3621 965 3683 lacrimas
982 3619 1198 3698 dextramque
1216 3625 1307 3678 tuam

378 3734 464 3788 te·-

205 3855 251 3907 315
294 3828 439 3910 Quando
455 3829 545 3890 aliud
561 3828 641 3890 mihi
657 3827 722 3890 iam
740 3829 881 3892 miserae
897 3827 979 3891 nihil
995 3827 1067 3910 ipsa
1084 3827 1201 3908 reliqui
1212 3863 1256 3870 -
