2796 4282
204 328 265 392 140
557 315 714 369 VERGlLl
741 313 936 368 AENEIDOS

289 498 334 561 Et
349 517 415 581 qua
431 496 569 561 servetis
586 505 775 558 revocatum
792 513 811 557 a
827 504 931 557 morte
951 494 1107 557 Dareta.”

290 602 391 678 Dixit,
408 611 441 665 et
457 599 587 665 adversi
603 609 719 663 contra
735 600 825 662 stetit
841 619 898 662 ora
914 598 1052 673 iuvenci,

288 707 355 790 Qui
370 707 493 770 donum
507 703 660 767 adstabat
677 723 819 786 pugnae,
836 703 1001 785 durosque
1017 702 1155 765 reducta

290 810 438 874 Libravit
454 810 569 872 dextra
586 808 694 871 media
710 809 795 871 inter
810 828 934 871 cornua
950 816 1091 882 caestus,

200 929 247 989 480
289 915 435 990 Arduus,
453 915 659 996 effractoque
676 913 777 976 inlisit
793 914 825 975 in
842 933 918 976 ossa
935 911 1077 976 cerebro.

288 1019 454 1084 Sternitur
470 1018 696 1100 exanimisque
712 1027 858 1081 tremens
875 1016 1060 1099 procumbit
1076 1015 1169 1078 humi
1185 1016 1251 1079 bos.

290 1124 351 1187 llle
366 1144 467 1206 super
482 1125 566 1186 tales
583 1122 726 1186 effundit
743 1132 877 1204 pectore
892 1141 1010 1185 voces:

332 1229 465 1290 “Hanc
496 1227 564 1303 tibi,
596 1228 695 1311 Eryx,
731 1226 898 1290 meliorem
931 1227 1073 1288 animam
1107 1246 1168 1306 pro
1200 1234 1307 1288 morte

378 1331 510 1395 Daretis

288 1437 463 1513 Persolvo;
489 1436 541 1499 hic
560 1435 663 1499 victor
679 1445 810 1498 caestus
827 1446 997 1517 artemque
1013 1434 1172 1516 repono.’'

200 1657 246 1723 485
332 1643 485 1707 Protinus
504 1642 638 1706 Aeneas
655 1643 754 1706 celeri
770 1651 896 1705 certare
913 1642 1034 1724 sagitta

289 1749 413 1811 Invitat
430 1746 486 1830 qui
503 1747 588 1810 forte
604 1747 716 1822 velint,
734 1756 766 1809 et
782 1747 928 1828 praemia
944 1748 1044 1828 ponit,

290 1852 489 1934 Ingentique
506 1871 606 1914 manu
624 1852 746 1913 malum
764 1851 805 1913 de
822 1871 907 1914 nave
924 1850 1046 1914 Seresti

289 1956 404 2037 Erigit,
422 1965 456 2019 et
472 1955 639 2019 volucrem
656 1956 794 2018 traiecto
810 1953 842 2016 in
860 1955 940 2018 fune
957 1955 1155 2030 columbam,

287 2060 364 2142 Quo
380 2060 520 2123 tendant
536 2060 670 2135 ferrum,
689 2059 775 2123 malo
792 2058 965 2141 suspendit
980 2059 1021 2122 ab
1039 2059 1113 2121 alto.

200 2191 246 2241 490
288 2166 484 2228 Convenere
499 2163 568 2240 viri,
586 2164 816 2245 deiectamque
833 2183 929 2226 aerea
945 2173 1064 2226 sortem

289 2268 430 2349 Accepit
446 2268 562 2350 galea;
587 2277 620 2331 et
637 2269 762 2348 primus
780 2267 922 2331 clamore
939 2267 1084 2330 secundo

290 2372 495 2456 Hyrtacidae
512 2381 589 2435 ante
606 2392 723 2435 omnes
740 2372 806 2435 exit
823 2371 914 2435 locus
933 2370 1197 2453 Hippocoontis;

288 2477 398 2559 Quem
415 2477 514 2541 modo
531 2477 641 2540 navali
659 2477 856 2542 Mnestheus
873 2479 1052 2542 certamine
1069 2477 1174 2539 victor

288 2581 519 2663 Consequitur,
536 2583 631 2645 viridi
650 2583 847 2646 Mnestheus
863 2582 1013 2645 evinctus
1029 2582 1124 2644 oliva.

200 2711 247 2764 495
288 2685 421 2749 Tertius
436 2687 608 2770 Eurytion,
626 2697 712 2763 tuus,
730 2708 750 2750 o
766 2687 956 2778 clarissime,
976 2687 1085 2761 irater,

289 2790 448 2866 Pandare,
467 2790 523 2872 qui
539 2791 716 2873 quondam,
734 2794 842 2855 iussus
859 2791 1064 2854 confundere
1081 2790 1209 2864 loedus,

291 2895 331 2956 In
348 2893 473 2957 medios
490 2895 592 2957 telum
608 2895 733 2959 torsisti
748 2896 874 2978 primus
893 2895 1049 2959 Achivos.

290 2998 467 3061 Extremus
483 2999 646 3082 galeaque
663 3002 730 3062 ima
746 3001 894 3064 subsedit
910 3001 1061 3074 Acestes

289 3102 404 3165 Ausus
420 3113 454 3166 et
470 3103 540 3185 ipse
554 3124 654 3166 manu
671 3105 826 3167 iuvenum
843 3115 1006 3186 temptare
1023 3104 1179 3167 laborem.

204 3233 249 3283 500
333 3207 419 3269 Tum
436 3207 553 3271 validis
569 3208 671 3272 flexos
687 3210 861 3272 incurvant
877 3210 999 3273 viribus
1016 3228 1110 3271 arcus

291 3311 353 3373 Pro
371 3330 406 3374 se
422 3311 562 3394 quisque
578 3312 647 3388 viri,
665 3322 698 3376 et
714 3313 915 3396 depromunt
931 3314 996 3377 tela
1013 3312 1186 3394 pharetris.

278 3409 466 3496 'Primaque
482 3436 542 3497 per
557 3416 686 3480 caelum
703 3438 805 3481 nervo
821 3419 980 3482 stridente
997 3417 1116 3498 sagitta

294 3517 498 3601 Hyrtacidae
515 3519 643 3583 iuvenis
659 3522 809 3584 volucres
826 3522 1012 3586 diverberat
1028 3542 1143 3596 auras;

294 3621 337 3682 Et
353 3621 453 3696 venit,
470 3623 667 3705 adversique
684 3624 830 3707 infigitur
846 3626 962 3689 arbore
980 3625 1065 3688 mali.

209 3745 253 3797 505
296 3722 470 3786 Intremuit
487 3725 602 3802 malus,
620 3727 795 3810 timuitque
811 3732 965 3794 exterrita
982 3731 1099 3811 pennis

295 3822 387 3896 Ales,
405 3834 438 3885 et
454 3827 581 3906 ingenti
596 3841 778 3894 sonuerunt
793 3835 904 3896 omnia
922 3834 1048 3916 plausu.
