2796 4282
497 306 610 358 uses
636 306 820 374 Qunnrus

193 487 252 552 Per
268 485 416 550 conubia
431 494 554 560 nostra,
573 505 632 566 per
648 483 799 566 inceptos
817 485 1029 570 hymenaeos,

192 591 227 655 Si
242 590 330 654 bene
347 589 428 672 quid
445 589 486 653 de
502 599 534 653 te
552 589 665 665 merui,
684 589 747 652 fuit
762 599 820 652 aut
835 589 895 652 tibi
911 589 1085 672 quicquam

193 696 302 758 Dulce
319 714 442 768 meum,
461 694 617 756 miserere
633 695 752 757 domus
768 694 911 756 labentis
927 703 960 756 et
977 693 1082 769 istam,

191 800 269 876 Ore,
288 801 317 861 si
333 800 409 880 quis
426 799 535 861 adhuc
552 798 706 879 precibus
723 799 825 874 locus,
843 817 926 860 exue
943 807 1096 861 mentem.

107 932 150 981 320
190 905 240 966 Te
257 913 397 985 propter
415 902 561 986 Libycae
578 911 695 983 gentes
714 902 971 985 Nomadumque
987 904 1121 987 tyranni

191 1008 313 1083 Odere,
331 1007 455 1069 infensi
471 1007 581 1090 Tyrii;
605 1017 638 1070 te
656 995 791 1088 propter
806 1007 950 1070 eunder'n

192 1111 386 1174 Exstinctus
404 1111 511 1192 pudor
527 1121 569 1186 et,
586 1131 652 1193 qua
669 1111 739 1174 sola
756 1110 864 1174 sidera
880 1111 1021 1186 adibam,

192 1216 299 1279 Fama
315 1215 415 1296 prior.
463 1215 524 1279 Cui
541 1235 594 1278 me
610 1215 842 1278 moribundam
859 1215 993 1290 deseris
1012 1216 1156 1297 hospes?

192 1319 395 1383 Hoc.solum
413 1339 535 1382 nomen
551 1319 708 1401 quoniam
726 1319 768 1382 de
784 1319 924 1400 coniuge
942 1328 1052 1382 restat.

103 1451 148 1502 3²5
193 1424 284 1506 Quid
302 1423 435 1486 moror?
459 1444 501 1486 an
519 1444 593 1487 mea
612 1424 806 1506 Pygmalion
825 1424 904 1486 dum
921 1424 1052 1486 moenia
1069 1425 1171 1486 frater

194 1530 365 1602 Destruat,
384 1537 442 1589 aut
458 1537 591 1609 captam
608 1528 708 1620 ducat
725 1529 886 1606 Gaetulus
906 1528 1043 1590 Iarbas?

193 1633 320 1697 Saltem
338 1631 366 1694 si
382 1651 447 1713 qua
465 1631 543 1694 mihi
559 1631 601 1694 de
617 1641 650 1696 te
667 1641 823 1714 suscepta
840 1633 959 1695 fuisset

191 1737 284 1799 Ante
300 1736 418 1817 fugam
436 1736 578 1810 suboles,
589 1723 713 1821 s⁸iquis
730 1735 811 1797 mihi
827 1737 985 1816 parvulus
1002 1738 1077 1799 aula

194 1840 344 1903 Luderet
359 1841 506 1915 Aeneas
525 1840 581 1922 qui
596 1849 630 1903 te
646 1849 757 1903 tamen
775 1859 831 1903 ore
847 1840 995 1914 referret,

103 1973 150 2023 330
193 1945 273 2008 Non
290 1943 445 2026 equidem
462 1945 597 2007 omnino
614 1954 713 2026 capta
729 1965 767 2006 ac
785 1944 915 2007 deserta
931 1945 1091 2008 viderer.”

238 2049 385 2111 Dixerat.
435 2049 495 2112 llle
513 2049 602 2111 lovis
618 2049 752 2112 monitis
768 2050 904 2112 immota
921 2049 1056 2112 tenebat

193 2154 348 2228 Lumina,
366 2163 400 2216 et
415 2152 555 2216 obnixus
571 2173 686 2216 curam
702 2153 763 2215 sub
780 2154 879 2217 corde
896 2153 1075 2235 premebat.

191 2258 345 2320 Tandem
362 2278 470 2338 pauca
487 2258 607 2320 refert:
633 2257 737 2338 “Ego
753 2267 795 2333 te,
813 2278 898 2339 quae
915 2258 1056 2339 plurima
1073 2258 1174 2320 fando

194 2362 401 2425 Enumerare
418 2363 517 2438 vales,
535 2382 727 2444 numquam,
744 2363 868 2442 regina,
886 2362 1016 2443 negabo

103 2493 150 2546 335
196 2468 433 2540 Promeritam;
458 2487 519 2530 nec
535 2487 589 2530 me
605 2467 795 2531 meminisse
813 2467 939 2549 pigebit
957 2467 1094 2546 Elissae,

196 2572 287 2633 Dum
304 2591 430 2634 memor
445 2571 518 2652 ipse
535 2571 608 2647 mei,
625 2571 705 2634 dum
722 2571 856 2652 spiritus
874 2572 934 2634 hos
951 2572 1036 2653 regit
1052 2582 1151 2634 artus.

196 2676 259 2737 Pro
270 2695 305 2737 re
315 2695 423 2756 pauca
434 2675 559 2756 loquar.
608 2675 727 2758 Neque
737 2695 800 2756 ego
813 2677 897 2738 hanc
909 2676 1112 2738 abscondere
1123 2676 1212 2737 furto

196 2779 441 2860 Speravi—ne
458 2779 736 2868 finges-fugam,
755 2800 815 2842 nec
833 2779 983 2861 coniugis
1000 2799 1157 2860 umquam

196 2884 372 2946 Praetendi
389 2883 505 2945 taedas
522 2894 579 2946 aut
595 2885 678 2946 haec
695 2884 728 2946 in
744 2885 881 2947 foedera
896 2884 981 2948 ueni.

104 3017 152 3067 340
196 2990 254 3051 Me
271 2989 298 3050 si
316 2988 387 3050 fata
403 2989 485 3050 meis
502 2997 695 3068 paterentur
710 2989 832 3052 ducere
847 2989 958 3052 vitam.

195 3091 367 3172 Auspiciis
384 3101 417 3154 et
433 3102 553 3172 sponte
570 3113 644 3156 mea
660 3113 861 3174 componere
878 3114 982 3168 curas

195 3195 325 3260 Urbem
342 3197 521 3258 Troianam
538 3198 679 3278 primum
697 3196 878 3279 dulcesque
894 3217 1041 3260 meorum

198 3300 369 3382 Reliquias
385 3300 539 3374 colerem,
558 3300 678 3362 Priami
694 3311 783 3364 tecta
799 3301 866 3364 alta
883 3311 1064 3377 manerent,

108 3455 111 3460 .
198 3404 242 3466 Et
258 3403 404 3466 recidiva
420 3424 520 3466 manu
538 3405 723 3486 posuissem
743 3407 904 3486 Pergama
920 3405 1023 3468 victis.

106 3536 154 3588 345
198 3508 266 3573 Sed
283 3528 372 3570 nunc
391 3509 521 3571 ltaliam
539 3529 695 3591 magnam
714 3509 869 3594 Gryneus
886 3510 1019 3591 Apollo

199 3613 330 3676 Italiam
350 3613 474 3698 Lyciae
490 3613 615 3677 iussere
631 3635 806 3696 capessere
824 3624 948 3690 sortes;

200 3718 266 3781 Hic
283 3729 384 3792 amor,
403 3718 485 3781 haec
502 3719 609 3799 patria
625 3728 683 3781 est.
734 3719 769 3782 Si
785 3729 818 3781 te
836 3718 1055 3799 Karthaginis
1072 3737 1174 3792 arces,

200 3823 427 3894 Phoenissam,
448 3822 661 3906 Libycaeque
678 3832 833 3904 aspectus
849 3822 975 3884 detinet
990 3820 1090 3893 urbis,

287 3934 404 3982 iuruzs’s
416 3945 519 3980 nauum
527 3931 583 3981 -8
