2796 4282
518 307 631 360 LIBER
658 307 832 376 QUINTUS

202 491 347 565 Balteus,
367 497 401 552 et
418 487 516 550 tereti
533 487 699 550 subnectit
716 487 816 550 fibula
833 507 984 570 gemma;

200 593 332 656 Tertius
351 591 514 673 Argolica
530 592 593 654 hac
610 591 706 673 galea
723 601 901 654 contentus
917 591 1036 655 abit0.’'

106 727 139 776 3¹
148 726 161 778 5
245 699 342 760 Haec
360 695 417 758 ubi
435 696 532 770 dicta,
548 696 655 757 locum
673 695 818 776 capiunt,
838 695 1000 778 signoque
1017 706 1153 778 repente

200 801 394 882 Corripiunt
411 800 519 880 spatia
536 799 658 874 audito,
677 799 844 882 limenque
860 800 1059 883 relinquunt,

202 906 312 968 Effusi
330 903 446 966 nimbo
463 903 595 978 similes,
613 903 708 966 simul
726 903 842 967 ultima
858 904 1001 985 signant.

203 1012 332 1072 Primus
349 1009 419 1071 abit
437 1009 602 1089 longeque
619 1019 697 1071 ante
713 1007 824 1070 omnia
841 1028 980 1090 corpora
998 1008 1101 1071 Nisus

203 1115 343 1188 Emicat,
362 1122 396 1176 et
412 1112 521 1176 ventis
537 1121 570 1175 et
587 1112 736 1174 fulminis
752 1114 842 1175 ocior
858 1113 936 1189 alis;

114 1247 162 1297 320
203 1218 376 1281 Proximus
394 1216 481 1291 huic,
499 1216 599 1297 longo
612 1216 669 1278 sed
687 1216 855 1298 proximus
872 1217 1052 1292 intervallo

203 1322 396 1404 Insequitur
414 1321 543 1395 Salius;
569 1321 676 1401 spatio
694 1329 769 1402 post
785 1320 905 1383 deinde
922 1321 1036 1384 relicto

202 1427 338 1490 Tertius
358 1425 544 1508 Euryalus;

204 1531 458 1615 Euryalumque
477 1529 642 1613 Helymus
661 1529 827 1610 sequitur;
853 1549 918 1610 quo
935 1529 1055 1593 deinde
1072 1530 1133 1593 sub
1149 1531 1223 1610 ipso

204 1636 294 1698 Ecce
310 1635 402 1697 volat
419 1634 611 1715 calcemque
627 1635 704 1695 terit
719 1633 784 1695 iam
801 1633 891 1696 ealce
907 1633 1035 1708 Diores,

118 1767 162 1817 325
205 1738 412 1802 incumbens
428 1758 560 1813 umero;
586 1737 693 1818 spatia
709 1747 742 1800 et
759 1737 785 1800 si
803 1737 897 1818 plura
914 1738 1090 1819 supersint,
1124 1775 1128 1783 ι

202 1845 371 1905 Transeat
387 1842 522 1923 elapsus
539 1843 637 1922 prior,
656 1841 891 1924 ambiguumve
908 1842 1080 1924 relinquat.

248 1949 390 2029 lamque
407 1946 478 2008 fere
495 1946 604 2027 spatio
620 1955 767 2008 extremo
784 1946 932 2028 fessique
946 1945 1007 2008 sub
1025 1947 1132 2027 ipsam

204 2053 326 2114 Finem
343 2051 580 2125 adventabant,
598 2050 662 2112 levi
678 2069 753 2112 curn
771 2052 933 2130 sanguine
951 2050 1054 2112 Nisus

206 2156 349 2219 Labitur
364 2155 488 2229 infelix,
507 2154 612 2216 caesis
628 2164 665 2216 ut
681 2154 768 2216 forte
784 2153 932 2217 iuvencis

115 2289 163 2339 330
208 2261 320 2323 Fusus
337 2260 474 2320 humum
492 2258 678 2341 viridesque
695 2279 795 2339 super
813 2258 1037 2320 madefecerat
1053 2258 1182 2321 herbas.

209 2365 275 2426 Hic
292 2363 422 2425 iuvenis
438 2363 504 2424 iarn
521 2362 626 2424 victor
641 2383 745 2424 ovans
756 2349 902 2443 'vestigia
921 2381 1036 2443 presso

208 2468 312 2531 Haud
330 2466 436 2529 tenuit
452 2465 594 2529 titubata
607 2467 686 2541 solo,
705 2467 763 2528 sed
781 2487 906 2547 pronus
923 2466 955 2528 in
973 2466 1046 2548 ipso

208 2572 363 2636 Concidit
378 2570 616 2652 immundoque
633 2571 710 2632 fimo
728 2590 888 2653 sacroque
905 2591 1031 2634 cruore.

208 2678 287 2739 Non
306 2685 419 2738 tamen
438 2675 584 2758 Euryali,
602 2695 667 2735 non
685 2674 739 2736 ille
755 2674 877 2736 oblitus
893 2695 1064 2737 amorum:

116 2809 163 2860 335
208 2781 298 2843 Nam
316 2799 390 2841 sese
406 2779 563 2860 opposuit
581 2777 671 2841 Salio
688 2799 747 2859 per
763 2777 888 2840 lubrica
904 2798 1064 2859 surgens;

208 2885 271 2948 llle
288 2893 399 2945 autern
417 2883 524 2963 spissa
541 2882 641 2944 iacuit
657 2883 824 2945 revolutus
841 2883 975 2944 harena.

209 2989 342 3051 Emicat
359 2987 534 3071 Euryalus,
552 2996 585 3048 et
601 3007 738 3049 munere
754 2988 859 3049 victor
875 2988 972 3050 amici

210 3093 320 3154 Prima
335 3100 436 3165 tenet,
455 3091 640 3173 plausuque
657 3092 745 3152 volat
763 3091 964 3172 fremituque
981 3093 1136 3155 secundo

210 3195 292 3259 Post
310 3197 477 3281 Helymus
494 3195 590 3269 subit,
608 3207 642 3257 et
657 3215 745 3257 nunc
762 3195 859 3257 tertia
877 3195 989 3276 palma
1008 3196 1136 3259 Diores.

119 3331 166 3382 340
257 3302 323 3364 Hic
339 3310 444 3363 totum
463 3319 584 3362 caveae
601 3319 794 3363 consessum
812 3299 957 3380 ingentis
973 3309 1006 3363 et
1022 3319 1079 3362 ora

211 3405 321 3468 Prima
338 3413 469 3487 patrum
486 3403 617 3485 magnis
635 3405 744 3468 Salius
761 3404 960 3467 elamoribus
977 3404 1102 3486 implet,

212 3511 443 3591 Ereptumque
460 3509 537 3571 dolo
553 3509 646 3571 reddi
663 3508 725 3570 sibi
738 3508 845 3590 poscit
860 3509 1029 3572 honorem.

210 3615 355 3677 Tutatur
370 3614 466 3675 favor
484 3613 674 3696 Euryalum,
693 3613 916 3693 lacrimaeque
933 3603 1081 3687 decorae,

213 3718 345 3783 Gratior
362 3727 394 3780 et
411 3717 550 3798 pulchro
566 3717 703 3779 veniens
720 3716 752 3777 in
770 3736 908 3797 corpore
924 3717 1037 3779 virtus.

124 3851 170 3903 345
214 3823 365 3885 Adiuvat
380 3830 414 3884 et
430 3839 552 3901 magna
570 3820 752 3901 proclamat
768 3839 849 3881 voce
869 3819 998 3893 Diores,
