<?xml version="1.0" encoding="UTF-8"?>
<!DOCTYPE html PUBLIC "-//W3C//DTD XHTML 1.0 Transitional//EN"
    "http://www.w3.org/TR/xhtml1/DTD/xhtml1-transitional.dtd">
<html xmlns="http://www.w3.org/1999/xhtml" xml:lang="en" lang="en">
 <head>
  <title>
</title>
<meta http-equiv="Content-Type" content="text/html;charset=utf-8" />
  <meta name='ocr-system' content='tesseract 3.04.00' />
  <meta name='ocr-capabilities' content='ocr_page ocr_carea ocr_par ocr_line ocrx_word'/>
</head>
<body>
  <div class='ocr_page' id='page_1' title='image "./virgilsaeneidbo00denngoog_0150.png"; bbox 0 0 2796 4282; ppageno 0'>
   <div class='ocr_carea' id='block_1_1' title="bbox 509 283 1299 401">
    <p class='ocr_par' dir='ltr' id='par_1_1' title="bbox 509 283 1299 401">
     <span class='ocr_line' id='line_1_1' title="bbox 509 283 1299 401; baseline 0.006 -21"><span class='ocrx_word' id='word_1_1' title='bbox 509 327 622 380; x_wconf 75' lang='lat' dir='ltr'>tinen</span> <span class='ocrx_word' id='word_1_2' title='bbox 649 327 820 396; x_wconf 83' lang='lat' dir='ltr'>Qurnrus</span> <span class='ocrx_word' id='word_1_3' title='bbox 1153 335 1210 401; x_wconf 83' lang='lat'>133</span> <span class='ocrx_word' id='word_1_4' title='bbox 1296 283 1299 290; x_wconf 23' lang='lat'>¹</span> 
     </span>
    </p>
   </div>
   <div class='ocr_carea' id='block_1_2' title="bbox 101 506 1144 3923">
    <p class='ocr_par' dir='ltr' id='par_1_2' title="bbox 189 506 993 590">
     <span class='ocr_line' id='line_1_2' title="bbox 189 506 993 590; baseline -0.001 -19"><span class='ocrx_word' id='word_1_5' title='bbox 189 507 275 590; x_wconf 88' lang='lat' dir='ltr'><strong>Ipsis</strong></span> <span class='ocrx_word' id='word_1_6' title='bbox 293 507 501 590; x_wconf 92' lang='lat' dir='ltr'>praecipuos</span> <span class='ocrx_word' id='word_1_7' title='bbox 517 506 709 571; x_wconf 88' lang='lat' dir='ltr'>ductoribus</span> <span class='ocrx_word' id='word_1_8' title='bbox 725 507 817 570; x_wconf 86' lang='lat' dir='ltr'>addit</span> <span class='ocrx_word' id='word_1_9' title='bbox 833 508 993 571; x_wconf 84' lang='lat' dir='ltr'>honores:</span> 
     </span>
    </p>

    <p class='ocr_par' dir='ltr' id='par_1_3' title="bbox 101 611 1144 1007">
     <span class='ocr_line' id='line_1_3' title="bbox 101 611 1144 696; baseline -0.001 -22"><span class='ocrx_word' id='word_1_10' title='bbox 101 640 152 691; x_wconf 82' lang='lat'>250</span> <span class='ocrx_word' id='word_1_11' title='bbox 189 613 318 676; x_wconf 88' lang='lat' dir='ltr'>Victori</span> <span class='ocrx_word' id='word_1_12' title='bbox 335 611 551 696; x_wconf 88' lang='lat' dir='ltr'><strong>chlamydem</strong></span> <span class='ocrx_word' id='word_1_13' title='bbox 569 621 728 688; x_wconf 90' lang='lat' dir='ltr'>auratam,</span> <span class='ocrx_word' id='word_1_14' title='bbox 747 632 845 695; x_wconf 88' lang='lat' dir='ltr'>quam</span> <span class='ocrx_word' id='word_1_15' title='bbox 864 612 1006 694; x_wconf 92' lang='lat' dir='ltr'>plurima</span> <span class='ocrx_word' id='word_1_16' title='bbox 1022 613 1144 675; x_wconf 92' lang='lat' dir='ltr'>circum</span> 
     </span>
     <span class='ocr_line' id='line_1_4' title="bbox 191 715 1043 799; baseline -0.002 -20"><span class='ocrx_word' id='word_1_17' title='bbox 191 717 343 799; x_wconf 83' lang='lat' dir='ltr'>Purpura</span> <span class='ocrx_word' id='word_1_18' title='bbox 362 715 550 779; x_wconf 89' lang='lat' dir='ltr'>Maeandro</span> <span class='ocrx_word' id='word_1_19' title='bbox 567 715 691 797; x_wconf 89' lang='lat' dir='ltr'>duplici</span> <span class='ocrx_word' id='word_1_20' title='bbox 710 716 875 779; x_wconf 81' lang='lat' dir='ltr'>Meliboea</span> <span class='ocrx_word' id='word_1_21' title='bbox 892 716 1043 790; x_wconf 83' lang='lat' dir='ltr'>cucurrit,</span> 
     </span>
     <span class='ocr_line' id='line_1_5' title="bbox 193 819 897 902; baseline -0.001 -19"><span class='ocrx_word' id='word_1_22' title='bbox 193 822 416 902; x_wconf 87' lang='lat' dir='ltr'>intextusque</span> <span class='ocrx_word' id='word_1_23' title='bbox 433 840 516 902; x_wconf 92' lang='lat' dir='ltr'>puer</span> <span class='ocrx_word' id='word_1_24' title='bbox 532 820 690 883; x_wconf 86' lang='lat' dir='ltr'>frondosa</span> <span class='ocrx_word' id='word_1_25' title='bbox 706 820 818 901; x_wconf 88' lang='lat' dir='ltr'>regius</span> <span class='ocrx_word' id='word_1_26' title='bbox 836 819 897 882; x_wconf 91' lang='lat' dir='ltr'>Ida</span> 
     </span>
     <span class='ocr_line' id='line_1_6' title="bbox 190 924 921 1007; baseline -0.001 -19"><span class='ocrx_word' id='word_1_27' title='bbox 190 926 333 989; x_wconf 90' lang='lat' dir='ltr'>Veloces</span> <span class='ocrx_word' id='word_1_28' title='bbox 351 924 461 989; x_wconf 90' lang='lat' dir='ltr'>iaculo</span> <span class='ocrx_word' id='word_1_29' title='bbox 477 945 592 988; x_wconf 88' lang='lat' dir='ltr'>cervos</span> <span class='ocrx_word' id='word_1_30' title='bbox 610 944 774 1007; x_wconf 87' lang='lat' dir='ltr'>cursuque</span> <span class='ocrx_word' id='word_1_31' title='bbox 792 925 921 1006; x_wconf 82' lang='lat' dir='ltr'>fatigat,</span> 
     </span>
    </p>

    <p class='ocr_par' dir='ltr' id='par_1_4' title="bbox 192 1029 1038 1111">
     <span class='ocr_line' id='line_1_7' title="bbox 192 1029 1038 1111; baseline 0 -19"><span class='ocrx_word' id='word_1_32' title='bbox 192 1031 291 1106; x_wconf 87' lang='lat' dir='ltr'>Acer,</span> <span class='ocrx_word' id='word_1_33' title='bbox 310 1029 485 1093; x_wconf 85' lang='lat' dir='ltr'>anhelanti</span> <span class='ocrx_word' id='word_1_34' title='bbox 501 1029 625 1105; x_wconf 91' lang='lat' dir='ltr'>similis,</span> <span class='ocrx_word' id='word_1_35' title='bbox 643 1049 742 1111; x_wconf 90' lang='lat' dir='ltr'>quem</span> <span class='ocrx_word' id='word_1_36' title='bbox 759 1049 901 1111; x_wconf 86' lang='lat' dir='ltr'>praepes</span> <span class='ocrx_word' id='word_1_37' title='bbox 917 1029 959 1092; x_wconf 93' lang='lat' dir='ltr'>ab</span> <span class='ocrx_word' id='word_1_38' title='bbox 977 1031 1038 1092; x_wconf 91' lang='lat' dir='ltr'>Ida</span> 
     </span>
    </p>

    <p class='ocr_par' dir='ltr' id='par_1_5' title="bbox 104 1132 1081 1633">
     <span class='ocr_line' id='line_1_8' title="bbox 104 1132 1057 1216; baseline 0.001 -20"><span class='ocrx_word' id='word_1_39' title='bbox 104 1161 151 1213; x_wconf 82' lang='lat'>²55</span> <span class='ocrx_word' id='word_1_40' title='bbox 192 1135 379 1199; x_wconf 88' lang='lat' dir='ltr'>Sublimem</span> <span class='ocrx_word' id='word_1_41' title='bbox 394 1132 535 1215; x_wconf 91' lang='lat' dir='ltr'>pedibus</span> <span class='ocrx_word' id='word_1_42' title='bbox 552 1132 662 1216; x_wconf 87' lang='lat' dir='ltr'>rapuit</span> <span class='ocrx_word' id='word_1_43' title='bbox 681 1132 770 1197; x_wconf 91' lang='lat' dir='ltr'>Iovis</span> <span class='ocrx_word' id='word_1_44' title='bbox 787 1133 931 1215; x_wconf 88' lang='lat' dir='ltr'>armiger</span> <span class='ocrx_word' id='word_1_45' title='bbox 947 1137 1057 1211; x_wconf 91' lang='lat' dir='ltr'>uncis;</span> 
     </span>
     <span class='ocr_line' id='line_1_9' title="bbox 194 1237 1074 1320; baseline -0.001 -18"><span class='ocrx_word' id='word_1_46' title='bbox 194 1237 369 1320; x_wconf 88' lang='lat' dir='ltr'>Longaevi</span> <span class='ocrx_word' id='word_1_47' title='bbox 385 1239 514 1320; x_wconf 89' lang='lat' dir='ltr'>palmas</span> <span class='ocrx_word' id='word_1_48' title='bbox 530 1237 731 1320; x_wconf 91' lang='lat' dir='ltr'>nequiquam</span> <span class='ocrx_word' id='word_1_49' title='bbox 749 1238 791 1300; x_wconf 89' lang='lat' dir='ltr'>ad</span> <span class='ocrx_word' id='word_1_50' title='bbox 809 1239 917 1301; x_wconf 89' lang='lat' dir='ltr'>sidera</span> <span class='ocrx_word' id='word_1_51' title='bbox 933 1239 1074 1302; x_wconf 90' lang='lat' dir='ltr'>tendunt</span> 
     </span>
     <span class='ocr_line' id='line_1_10' title="bbox 192 1341 1028 1425; baseline -0.002 -18"><span class='ocrx_word' id='word_1_52' title='bbox 192 1343 369 1418; x_wconf 71' lang='lat' dir='ltr'>Custodes</span> <span class='ocrx_word' id='word_1_53' title='bbox 388 1341 560 1425; x_wconf 91' lang='lat' dir='ltr'>saevitque</span> <span class='ocrx_word' id='word_1_54' title='bbox 579 1363 699 1406; x_wconf 86' lang='lat' dir='ltr'>canum</span> <span class='ocrx_word' id='word_1_55' title='bbox 717 1344 855 1406; x_wconf 91' lang='lat' dir='ltr'>latratus</span> <span class='ocrx_word' id='word_1_56' title='bbox 871 1342 904 1405; x_wconf 92' lang='lat' dir='ltr'>in</span> <span class='ocrx_word' id='word_1_57' title='bbox 921 1363 1028 1405; x_wconf 81' lang='lat' dir='ltr'>auras</span> 
     </span>
     <span class='ocr_line' id='line_1_11' title="bbox 194 1445 1048 1530; baseline -0.002 -20"><span class='ocrx_word' id='word_1_58' title='bbox 194 1449 240 1510; x_wconf 93' lang='lat' dir='ltr'>At</span> <span class='ocrx_word' id='word_1_59' title='bbox 257 1447 314 1530; x_wconf 93' lang='lat' dir='ltr'>qui</span> <span class='ocrx_word' id='word_1_60' title='bbox 330 1446 453 1510; x_wconf 92' lang='lat' dir='ltr'>deinde</span> <span class='ocrx_word' id='word_1_61' title='bbox 470 1445 578 1510; x_wconf 92' lang='lat' dir='ltr'>locum</span> <span class='ocrx_word' id='word_1_62' title='bbox 595 1448 702 1510; x_wconf 90' lang='lat' dir='ltr'>tenuit</span> <span class='ocrx_word' id='word_1_63' title='bbox 718 1445 839 1510; x_wconf 88' lang='lat' dir='ltr'>virtute</span> <span class='ocrx_word' id='word_1_64' title='bbox 856 1448 1048 1523; x_wconf 88' lang='lat' dir='ltr'>secundum,</span> 
     </span>
     <span class='ocr_line' id='line_1_12' title="bbox 196 1549 1081 1633; baseline -0.002 -19"><span class='ocrx_word' id='word_1_65' title='bbox 196 1551 342 1614; x_wconf 88' lang='lat' dir='ltr'>Levibus</span> <span class='ocrx_word' id='word_1_66' title='bbox 359 1550 436 1614; x_wconf 91' lang='lat' dir='ltr'>huic</span> <span class='ocrx_word' id='word_1_67' title='bbox 451 1549 560 1613; x_wconf 89' lang='lat' dir='ltr'>hamis</span> <span class='ocrx_word' id='word_1_68' title='bbox 576 1561 763 1614; x_wconf 90' lang='lat' dir='ltr'>consertam</span> <span class='ocrx_word' id='word_1_69' title='bbox 781 1571 926 1633; x_wconf 87' lang='lat' dir='ltr'>auroque</span> <span class='ocrx_word' id='word_1_70' title='bbox 942 1551 1081 1614; x_wconf 89' lang='lat' dir='ltr'>trilicem</span> 
     </span>
    </p>

    <p class='ocr_par' dir='ltr' id='par_1_6' title="bbox 107 1655 1061 2154">
     <span class='ocr_line' id='line_1_13' title="bbox 107 1655 952 1738; baseline 0 -20"><span class='ocrx_word' id='word_1_71' title='bbox 107 1670 154 1719; x_wconf 86' lang='lat'>260</span> <span class='ocrx_word' id='word_1_72' title='bbox 194 1657 360 1731; x_wconf 87' lang='lat' dir='ltr'>Loricam,</span> <span class='ocrx_word' id='word_1_73' title='bbox 379 1675 478 1738; x_wconf 94' lang='lat' dir='ltr'>quam</span> <span class='ocrx_word' id='word_1_74' title='bbox 498 1655 662 1718; x_wconf 92' lang='lat' dir='ltr'>Demoleo</span> <span class='ocrx_word' id='word_1_75' title='bbox 677 1655 865 1718; x_wconf 85' lang='lat' dir='ltr'>detraxerat</span> <span class='ocrx_word' id='word_1_76' title='bbox 881 1656 952 1737; x_wconf 92' lang='lat' dir='ltr'>ipse</span> 
     </span>
     <span class='ocr_line' id='line_1_14' title="bbox 193 1758 1029 1841; baseline -0.002 -16"><span class='ocrx_word' id='word_1_77' title='bbox 193 1760 310 1825; x_wconf 91' lang='lat' dir='ltr'>Victor</span> <span class='ocrx_word' id='word_1_78' title='bbox 327 1759 417 1841; x_wconf 91' lang='lat' dir='ltr'>apud</span> <span class='ocrx_word' id='word_1_79' title='bbox 433 1759 586 1840; x_wconf 87' lang='lat' dir='ltr'>rapidum</span> <span class='ocrx_word' id='word_1_80' title='bbox 606 1758 778 1823; x_wconf 90' lang='lat' dir='ltr'>Simoenta</span> <span class='ocrx_word' id='word_1_81' title='bbox 795 1759 857 1821; x_wconf 91' lang='lat' dir='ltr'>sub</span> <span class='ocrx_word' id='word_1_82' title='bbox 876 1759 936 1822; x_wconf 93' lang='lat' dir='ltr'>llio</span> <span class='ocrx_word' id='word_1_83' title='bbox 954 1759 1029 1834; x_wconf 92' lang='lat' dir='ltr'>alt0,</span> 
     </span>
     <span class='ocr_line' id='line_1_15' title="bbox 195 1862 1057 1938; baseline -0.001 -12"><span class='ocrx_word' id='word_1_84' title='bbox 195 1865 310 1928; x_wconf 90' lang='lat' dir='ltr'>Donat</span> <span class='ocrx_word' id='word_1_85' title='bbox 326 1864 450 1927; x_wconf 90' lang='lat' dir='ltr'>habere</span> <span class='ocrx_word' id='word_1_86' title='bbox 466 1865 546 1938; x_wconf 91' lang='lat' dir='ltr'>viro,</span> <span class='ocrx_word' id='word_1_87' title='bbox 564 1864 666 1926; x_wconf 85' lang='lat' dir='ltr'>decus</span> <span class='ocrx_word' id='word_1_88' title='bbox 683 1872 716 1925; x_wconf 94' lang='lat' dir='ltr'>et</span> <span class='ocrx_word' id='word_1_89' title='bbox 732 1872 882 1926; x_wconf 89' lang='lat' dir='ltr'>tutamen</span> <span class='ocrx_word' id='word_1_90' title='bbox 899 1862 932 1925; x_wconf 90' lang='lat' dir='ltr'>in</span> <span class='ocrx_word' id='word_1_91' title='bbox 950 1863 1057 1925; x_wconf 81' lang='lat' dir='ltr'>armis</span> 
     </span>
     <span class='ocr_line' id='line_1_16' title="bbox 192 1965 1061 2049; baseline -0.003 -18"><span class='ocrx_word' id='word_1_92' title='bbox 192 1969 259 2032; x_wconf 88' lang='lat' dir='ltr'>Vix</span> <span class='ocrx_word' id='word_1_93' title='bbox 275 1968 366 2030; x_wconf 90' lang='lat' dir='ltr'>illam</span> <span class='ocrx_word' id='word_1_94' title='bbox 383 1967 501 2029; x_wconf 87' lang='lat' dir='ltr'>famuli</span> <span class='ocrx_word' id='word_1_95' title='bbox 519 1967 672 2048; x_wconf 85' lang='lat' dir='ltr'>Phegeus</span> <span class='ocrx_word' id='word_1_96' title='bbox 690 1965 891 2049; x_wconf 89' lang='lat' dir='ltr'>Sagarisque</span> <span class='ocrx_word' id='word_1_97' title='bbox 908 1966 1061 2029; x_wconf 86' lang='lat' dir='ltr'>ferebant</span> 
     </span>
     <span class='ocr_line' id='line_1_17' title="bbox 194 2069 1017 2154; baseline -0.002 -20"><span class='ocrx_word' id='word_1_98' title='bbox 194 2071 427 2154; x_wconf 88' lang='lat' dir='ltr'>Multiplicem,</span> <span class='ocrx_word' id='word_1_99' title='bbox 446 2069 555 2134; x_wconf 91' lang='lat' dir='ltr'>conixi</span> <span class='ocrx_word' id='word_1_100' title='bbox 571 2071 711 2147; x_wconf 90' lang='lat' dir='ltr'>umeris;</span> <span class='ocrx_word' id='word_1_101' title='bbox 736 2071 873 2133; x_wconf 90' lang='lat' dir='ltr'>indutus</span> <span class='ocrx_word' id='word_1_102' title='bbox 890 2081 922 2133; x_wconf 90' lang='lat' dir='ltr'>at</span> <span class='ocrx_word' id='word_1_103' title='bbox 940 2069 1017 2133; x_wconf 94' lang='lat' dir='ltr'>olim</span> 
     </span>
    </p>

    <p class='ocr_par' dir='ltr' id='par_1_7' title="bbox 106 2175 931 2256">
     <span class='ocr_line' id='line_1_18' title="bbox 106 2175 931 2256; baseline -0.004 -17"><span class='ocrx_word' id='word_1_104' title='bbox 106 2191 150 2255; x_wconf 83' lang='lat'>265</span> <span class='ocrx_word' id='word_1_105' title='bbox 195 2176 377 2239; x_wconf 89' lang='lat' dir='ltr'>Demoleos</span> <span class='ocrx_word' id='word_1_106' title='bbox 394 2195 492 2238; x_wconf 92' lang='lat' dir='ltr'>cursu</span> <span class='ocrx_word' id='word_1_107' title='bbox 510 2176 662 2256; x_wconf 91' lang='lat' dir='ltr'>palantes</span> <span class='ocrx_word' id='word_1_108' title='bbox 678 2176 784 2238; x_wconf 91' lang='lat' dir='ltr'>Troas</span> <span class='ocrx_word' id='word_1_109' title='bbox 801 2175 931 2256; x_wconf 89' lang='lat' dir='ltr'>agebat.</span> 
     </span>
    </p>

    <p class='ocr_par' dir='ltr' id='par_1_8' title="bbox 192 2279 1109 2468">
     <span class='ocr_line' id='line_1_19' title="bbox 192 2279 980 2360; baseline -0.003 -17"><span class='ocrx_word' id='word_1_110' title='bbox 192 2279 309 2343; x_wconf 86' lang='lat' dir='ltr'>Tertia</span> <span class='ocrx_word' id='word_1_111' title='bbox 325 2280 413 2342; x_wconf 91' lang='lat' dir='ltr'>dona</span> <span class='ocrx_word' id='word_1_112' title='bbox 430 2279 511 2342; x_wconf 83' lang='lat' dir='ltr'>iacit</span> <span class='ocrx_word' id='word_1_113' title='bbox 526 2279 678 2360; x_wconf 89' lang='lat' dir='ltr'>geminos</span> <span class='ocrx_word' id='word_1_114' title='bbox 695 2299 734 2340; x_wconf 89' lang='lat' dir='ltr'>ex</span> <span class='ocrx_word' id='word_1_115' title='bbox 752 2299 827 2341; x_wconf 92' lang='lat' dir='ltr'>aere</span> <span class='ocrx_word' id='word_1_116' title='bbox 844 2279 980 2355; x_wconf 84' lang='lat' dir='ltr'>lebetas,</span> 
     </span>
     <span class='ocr_line' id='line_1_20' title="bbox 195 2382 1109 2468; baseline -0.004 -20"><span class='ocrx_word' id='word_1_117' title='bbox 195 2383 404 2468; x_wconf 88' lang='lat' dir='ltr'>Cymbiaque</span> <span class='ocrx_word' id='word_1_118' title='bbox 422 2393 560 2464; x_wconf 89' lang='lat' dir='ltr'>argento</span> <span class='ocrx_word' id='word_1_119' title='bbox 578 2383 729 2463; x_wconf 88' lang='lat' dir='ltr'>perfecta</span> <span class='ocrx_word' id='word_1_120' title='bbox 746 2392 845 2465; x_wconf 90' lang='lat' dir='ltr'>atque</span> <span class='ocrx_word' id='word_1_121' title='bbox 862 2403 981 2464; x_wconf 90' lang='lat' dir='ltr'>aspera</span> <span class='ocrx_word' id='word_1_122' title='bbox 998 2382 1109 2464; x_wconf 87' lang='lat' dir='ltr'>signis.</span> 
     </span>
    </p>

    <p class='ocr_par' dir='ltr' id='par_1_9' title="bbox 195 2486 1097 2673">
     <span class='ocr_line' id='line_1_21' title="bbox 239 2486 1097 2570; baseline -0.003 -20"><span class='ocrx_word' id='word_1_123' title='bbox 239 2489 381 2569; x_wconf 91' lang='lat' dir='ltr'>lamque</span> <span class='ocrx_word' id='word_1_124' title='bbox 398 2488 482 2550; x_wconf 91' lang='lat' dir='ltr'>adeo</span> <span class='ocrx_word' id='word_1_125' title='bbox 497 2487 612 2550; x_wconf 92' lang='lat' dir='ltr'>donati</span> <span class='ocrx_word' id='word_1_126' title='bbox 629 2507 744 2550; x_wconf 91' lang='lat' dir='ltr'>omnes</span> <span class='ocrx_word' id='word_1_127' title='bbox 762 2486 946 2570; x_wconf 92' lang='lat' dir='ltr'>opibusque</span> <span class='ocrx_word' id='word_1_128' title='bbox 964 2487 1097 2568; x_wconf 90' lang='lat' dir='ltr'>superbi</span> 
     </span>
     <span class='ocr_line' id='line_1_22' title="bbox 195 2591 897 2673; baseline -0.004 -17"><span class='ocrx_word' id='word_1_129' title='bbox 195 2592 349 2656; x_wconf 87' lang='lat' dir='ltr'>Puniceis</span> <span class='ocrx_word' id='word_1_130' title='bbox 366 2592 459 2654; x_wconf 88' lang='lat' dir='ltr'>ibant</span> <span class='ocrx_word' id='word_1_131' title='bbox 475 2591 596 2655; x_wconf 90' lang='lat' dir='ltr'>evincti</span> <span class='ocrx_word' id='word_1_132' title='bbox 612 2601 765 2673; x_wconf 88' lang='lat' dir='ltr'>tempora</span> <span class='ocrx_word' id='word_1_133' title='bbox 781 2591 897 2666; x_wconf 88' lang='lat' dir='ltr'>taenis,</span> 
     </span>
    </p>

    <p class='ocr_par' dir='ltr' id='par_1_10' title="bbox 105 2695 1137 3194">
     <span class='ocr_line' id='line_1_23' title="bbox 105 2695 1045 2776; baseline -0.003 -17"><span class='ocrx_word' id='word_1_134' title='bbox 105 2726 152 2772; x_wconf 87' lang='lat'>270</span> <span class='ocrx_word' id='word_1_135' title='bbox 195 2698 282 2762; x_wconf 89' lang='lat' dir='ltr'>Cum</span> <span class='ocrx_word' id='word_1_136' title='bbox 300 2715 401 2758; x_wconf 88' lang='lat' dir='ltr'>saevo</span> <span class='ocrx_word' id='word_1_137' title='bbox 417 2715 435 2758; x_wconf 92' lang='lat' dir='ltr'>e</span> <span class='ocrx_word' id='word_1_138' title='bbox 453 2696 590 2776; x_wconf 93' lang='lat' dir='ltr'>scopulo</span> <span class='ocrx_word' id='word_1_139' title='bbox 608 2695 781 2768; x_wconf 85' lang='lat' dir='ltr'>multavix</span> <span class='ocrx_word' id='word_1_140' title='bbox 798 2705 868 2759; x_wconf 88' lang='lat' dir='ltr'>arte</span> <span class='ocrx_word' id='word_1_141' title='bbox 886 2695 1045 2770; x_wconf 91' lang='lat' dir='ltr'>revulsus,</span> 
     </span>
     <span class='ocr_line' id='line_1_24' title="bbox 196 2799 933 2882; baseline -0.004 -18"><span class='ocrx_word' id='word_1_142' title='bbox 196 2799 342 2864; x_wconf 90' lang='lat' dir='ltr'>Amissis</span> <span class='ocrx_word' id='word_1_143' title='bbox 358 2799 458 2862; x_wconf 91' lang='lat' dir='ltr'>remis</span> <span class='ocrx_word' id='word_1_144' title='bbox 475 2808 575 2882; x_wconf 89' lang='lat' dir='ltr'>atque</span> <span class='ocrx_word' id='word_1_145' title='bbox 592 2800 707 2862; x_wconf 94' lang='lat' dir='ltr'>ordine</span> <span class='ocrx_word' id='word_1_146' title='bbox 724 2799 840 2863; x_wconf 91' lang='lat' dir='ltr'>debilis</span> <span class='ocrx_word' id='word_1_147' title='bbox 857 2819 933 2874; x_wconf 94' lang='lat' dir='ltr'>uno,</span> 
     </span>
     <span class='ocr_line' id='line_1_25' title="bbox 197 2903 1038 2985; baseline -0.002 -17"><span class='ocrx_word' id='word_1_148' title='bbox 197 2904 341 2968; x_wconf 88' lang='lat' dir='ltr'>lnrisam</span> <span class='ocrx_word' id='word_1_149' title='bbox 359 2903 430 2966; x_wconf 91' lang='lat' dir='ltr'>sine</span> <span class='ocrx_word' id='word_1_150' title='bbox 447 2905 574 2967; x_wconf 90' lang='lat' dir='ltr'>honore</span> <span class='ocrx_word' id='word_1_151' title='bbox 590 2913 694 2966; x_wconf 92' lang='lat' dir='ltr'>ratem</span> <span class='ocrx_word' id='word_1_152' title='bbox 714 2904 891 2985; x_wconf 86' lang='lat' dir='ltr'>Sergestus</span> <span class='ocrx_word' id='word_1_153' title='bbox 909 2904 1038 2984; x_wconf 89' lang='lat' dir='ltr'>agebat.</span> 
     </span>
     <span class='ocr_line' id='line_1_26' title="bbox 195 3007 1075 3092; baseline -0.001 -21"><span class='ocrx_word' id='word_1_154' title='bbox 195 3009 315 3092; x_wconf 86' lang='lat' dir='ltr'>Qualis</span> <span class='ocrx_word' id='word_1_155' title='bbox 332 3027 433 3089; x_wconf 92' lang='lat' dir='ltr'>saepe</span> <span class='ocrx_word' id='word_1_156' title='bbox 449 3008 522 3070; x_wconf 91' lang='lat' dir='ltr'>viae</span> <span class='ocrx_word' id='word_1_157' title='bbox 539 3007 723 3088; x_wconf 90' lang='lat' dir='ltr'>deprensus</span> <span class='ocrx_word' id='word_1_158' title='bbox 739 3007 771 3070; x_wconf 93' lang='lat' dir='ltr'>in</span> <span class='ocrx_word' id='word_1_159' title='bbox 789 3027 911 3088; x_wconf 88' lang='lat' dir='ltr'>aggere</span> <span class='ocrx_word' id='word_1_160' title='bbox 928 3027 1075 3088; x_wconf 92' lang='lat' dir='ltr'>serpens,</span> 
     </span>
     <span class='ocr_line' id='line_1_27' title="bbox 196 3111 1137 3194; baseline -0.002 -18"><span class='ocrx_word' id='word_1_161' title='bbox 196 3115 309 3176; x_wconf 91' lang='lat' dir='ltr'>Aerea</span> <span class='ocrx_word' id='word_1_162' title='bbox 326 3132 423 3194; x_wconf 90' lang='lat' dir='ltr'>quem</span> <span class='ocrx_word' id='word_1_163' title='bbox 442 3111 612 3193; x_wconf 92' lang='lat' dir='ltr'>obliquum</span> <span class='ocrx_word' id='word_1_164' title='bbox 629 3122 701 3175; x_wconf 90' lang='lat' dir='ltr'>rota</span> <span class='ocrx_word' id='word_1_165' title='bbox 714 3112 852 3186; x_wconf 89' lang='lat' dir='ltr'>transiit,</span> <span class='ocrx_word' id='word_1_166' title='bbox 871 3121 926 3174; x_wconf 91' lang='lat' dir='ltr'>aut</span> <span class='ocrx_word' id='word_1_167' title='bbox 943 3113 1054 3194; x_wconf 88' lang='lat' dir='ltr'>gravis</span> <span class='ocrx_word' id='word_1_168' title='bbox 1071 3111 1137 3174; x_wconf 91' lang='lat' dir='ltr'>ictu</span> 
     </span>
    </p>

    <p class='ocr_par' dir='ltr' id='par_1_11' title="bbox 106 3215 1123 3716">
     <span class='ocr_line' id='line_1_28' title="bbox 106 3215 977 3298; baseline -0.005 -16"><span class='ocrx_word' id='word_1_169' title='bbox 106 3246 133 3294; x_wconf 88' lang='lat'>²7</span> <span class='ocrx_word' id='word_1_170' title='bbox 138 3246 151 3297; x_wconf 83' lang='lat'><strong>5</strong></span> <span class='ocrx_word' id='word_1_171' title='bbox 197 3215 408 3282; x_wconf 89' lang='lat' dir='ltr'>Seminecem</span> <span class='ocrx_word' id='word_1_172' title='bbox 427 3215 521 3298; x_wconf 92' lang='lat' dir='ltr'>liquit</span> <span class='ocrx_word' id='word_1_173' title='bbox 538 3236 617 3279; x_wconf 92' lang='lat' dir='ltr'>saxo</span> <span class='ocrx_word' id='word_1_174' title='bbox 634 3216 847 3298; x_wconf 90' lang='lat' dir='ltr'>lacerumque</span> <span class='ocrx_word' id='word_1_175' title='bbox 864 3215 977 3291; x_wconf 88' lang='lat' dir='ltr'>viator,</span> 
     </span>
     <span class='ocr_line' id='line_1_29' title="bbox 199 3319 1057 3403; baseline -0.002 -19"><span class='ocrx_word' id='word_1_176' title='bbox 199 3319 412 3403; x_wconf 88' lang='lat' dir='ltr'>Nequiquam</span> <span class='ocrx_word' id='word_1_177' title='bbox 429 3319 549 3401; x_wconf 88' lang='lat' dir='ltr'>longos</span> <span class='ocrx_word' id='word_1_178' title='bbox 566 3319 699 3402; x_wconf 81' lang='lat' dir='ltr'>fugiens</span> <span class='ocrx_word' id='word_1_179' title='bbox 716 3320 773 3382; x_wconf 89' lang='lat' dir='ltr'>dat</span> <span class='ocrx_word' id='word_1_180' title='bbox 789 3340 926 3401; x_wconf 92' lang='lat' dir='ltr'>corpore</span> <span class='ocrx_word' id='word_1_181' title='bbox 942 3330 1057 3394; x_wconf 91' lang='lat' dir='ltr'>tortus,</span> 
     </span>
     <span class='ocr_line' id='line_1_30' title="bbox 197 3423 1011 3507; baseline -0.004 -19"><span class='ocrx_word' id='word_1_182' title='bbox 197 3428 295 3488; x_wconf 89' lang='lat' dir='ltr'>Parte</span> <span class='ocrx_word' id='word_1_183' title='bbox 313 3425 415 3498; x_wconf 85' lang='lat' dir='ltr'>ferox,</span> <span class='ocrx_word' id='word_1_184' title='bbox 434 3424 620 3507; x_wconf 91' lang='lat' dir='ltr'>ardensque</span> <span class='ocrx_word' id='word_1_185' title='bbox 637 3423 749 3500; x_wconf 92' lang='lat' dir='ltr'>oculis,</span> <span class='ocrx_word' id='word_1_186' title='bbox 767 3434 800 3486; x_wconf 92' lang='lat' dir='ltr'>et</span> <span class='ocrx_word' id='word_1_187' title='bbox 817 3423 911 3487; x_wconf 89' lang='lat' dir='ltr'>sibila</span> <span class='ocrx_word' id='word_1_188' title='bbox 928 3425 1011 3487; x_wconf 89' lang='lat' dir='ltr'>colla</span> 
     </span>
     <span class='ocr_line' id='line_1_31' title="bbox 198 3528 1076 3611; baseline -0.002 -19"><span class='ocrx_word' id='word_1_189' title='bbox 198 3529 337 3592; x_wconf 89' lang='lat' dir='ltr'>Arduus</span> <span class='ocrx_word' id='word_1_190' title='bbox 354 3528 509 3592; x_wconf 90' lang='lat' dir='ltr'>attollens</span> <span class='ocrx_word' id='word_1_191' title='bbox 519 3550 526 3605; x_wconf 91' lang='lat'>;</span> <span class='ocrx_word' id='word_1_192' title='bbox 551 3549 629 3611; x_wconf 90' lang='lat' dir='ltr'>pars</span> <span class='ocrx_word' id='word_1_193' title='bbox 645 3529 782 3592; x_wconf 90' lang='lat' dir='ltr'>vulnere</span> <span class='ocrx_word' id='word_1_194' title='bbox 799 3529 917 3592; x_wconf 89' lang='lat' dir='ltr'>clauda</span> <span class='ocrx_word' id='word_1_195' title='bbox 934 3538 1076 3591; x_wconf 89' lang='lat' dir='ltr'>retentat</span> 
     </span>
     <span class='ocr_line' id='line_1_32' title="bbox 200 3633 1123 3716; baseline -0.003 -19"><span class='ocrx_word' id='word_1_196' title='bbox 200 3635 382 3697; x_wconf 91' lang='lat' dir='ltr'>Nixantem</span> <span class='ocrx_word' id='word_1_197' title='bbox 399 3633 496 3696; x_wconf 92' lang='lat' dir='ltr'>nodis</span> <span class='ocrx_word' id='word_1_198' title='bbox 513 3653 614 3716; x_wconf 91' lang='lat' dir='ltr'>seque</span> <span class='ocrx_word' id='word_1_199' title='bbox 631 3633 663 3695; x_wconf 91' lang='lat' dir='ltr'>in</span> <span class='ocrx_word' id='word_1_200' title='bbox 682 3653 741 3695; x_wconf 91' lang='lat' dir='ltr'>sna</span> <span class='ocrx_word' id='word_1_201' title='bbox 758 3633 907 3695; x_wconf 88' lang='lat' dir='ltr'>membra</span> <span class='ocrx_word' id='word_1_202' title='bbox 925 3633 1123 3715; x_wconf 91' lang='lat' dir='ltr'>plicantem:</span> 
     </span>
    </p>

    <p class='ocr_par' dir='ltr' id='par_1_12' title="bbox 108 3737 892 3819">
     <span class='ocr_line' id='line_1_33' title="bbox 108 3737 892 3819; baseline -0.006 -14"><span class='ocrx_word' id='word_1_203' title='bbox 108 3755 155 3805; x_wconf 87' lang='lat'>280</span> <span class='ocrx_word' id='word_1_204' title='bbox 198 3739 274 3802; x_wconf 87' lang='lat' dir='ltr'>Tali</span> <span class='ocrx_word' id='word_1_205' title='bbox 291 3738 429 3819; x_wconf 87' lang='lat' dir='ltr'>remigio</span> <span class='ocrx_word' id='word_1_206' title='bbox 446 3737 539 3800; x_wconf 90' lang='lat' dir='ltr'>navis</span> <span class='ocrx_word' id='word_1_207' title='bbox 557 3757 592 3800; x_wconf 91' lang='lat' dir='ltr'>se</span> <span class='ocrx_word' id='word_1_208' title='bbox 608 3737 703 3800; x_wconf 85' lang='lat' dir='ltr'>tarda</span> <span class='ocrx_word' id='word_1_209' title='bbox 720 3737 892 3813; x_wconf 88' lang='lat' dir='ltr'>movebat;</span> 
     </span>
    </p>

    <p class='ocr_par' dir='ltr' id='par_1_13' title="bbox 198 3840 1008 3923">
     <span class='ocr_line' id='line_1_34' title="bbox 198 3840 1008 3923; baseline -0.01 -15"><span class='ocrx_word' id='word_1_210' title='bbox 198 3843 283 3908; x_wconf 90' lang='lat' dir='ltr'>Vela</span> <span class='ocrx_word' id='word_1_211' title='bbox 301 3843 382 3906; x_wconf 88' lang='lat' dir='ltr'>facit</span> <span class='ocrx_word' id='word_1_212' title='bbox 398 3852 521 3916; x_wconf 86' lang='lat' dir='ltr'>tamen,</span> <span class='ocrx_word' id='word_1_213' title='bbox 538 3851 571 3904; x_wconf 89' lang='lat' dir='ltr'>et</span> <span class='ocrx_word' id='word_1_214' title='bbox 588 3840 696 3923; x_wconf 91' lang='lat' dir='ltr'>plenis</span> <span class='ocrx_word' id='word_1_215' title='bbox 712 3841 800 3903; x_wconf 94' lang='lat' dir='ltr'>subit</span> <span class='ocrx_word' id='word_1_216' title='bbox 817 3841 900 3903; x_wconf 88' lang='lat' dir='ltr'>ostia</span> <span class='ocrx_word' id='word_1_217' title='bbox 917 3840 1008 3903; x_wconf 90' lang='lat' dir='ltr'>velis.</span> 
     </span>
    </p>
   </div>
   <div class='ocr_carea' id='block_1_3' title="bbox 0 0 1402 4282">
    <p class='ocr_par' dir='ltr' id='par_1_14' title="bbox 0 0 1402 4282">
     <span class='ocr_line' id='line_1_35' title="bbox 0 0 1402 4282; baseline 0 0"><span class='ocrx_word' id='word_1_218' title='bbox 0 0 1402 4282; x_wconf 95' lang='lat' dir='ltr'> </span> 
     </span>
    </p>
   </div>
  </div>
 </body>
</html>
