2800 4286
199 283 263 361 236
557 286 715 339 VERGILI
743 287 940 340 AENEIDOS

287 469 385 530 Mens
402 468 507 548 agitat
522 466 612 541 mihi,
631 486 693 529 nec
711 467 841 548 placida
858 476 1013 529 contenta
1030 464 1140 546 quiete
1156 474 1212 528 est.

285 571 412 646 Cernis,
431 591 514 653 quae
534 571 675 633 Rutulos
693 570 813 633 habeat
830 570 949 633 fiducia
965 590 1093 632 rerum:

286 677 429 738 Lumina
445 695 520 737 rara
536 676 658 737 micant
673 695 680 749 ;
706 694 822 737 somno
838 676 982 756 vinoque
999 673 1097 736 soluti

199 805 245 853 190
286 781 515 853 Procubuere;
540 779 638 841 silent
654 779 720 842 late
736 779 817 840 loca.
863 779 1002 859 Percipe
1019 798 1126 858 porro,

284 885 374 966 Quid
390 884 547 959 dubitem,
565 893 597 945 et
615 903 700 964 quae
717 903 805 946 nuuc
822 884 932 945 animo
950 882 1114 945 sententia
1132 892 1251 963 surgat.

285 989 426 1051 Aenean
443 989 541 1050 acciri
557 1008 682 1063 omnes,
701 988 911 1069 populusque
928 987 1116 1068 patresque,

285 1093 487 1174 Exposcunt‚
506 1093 656 1174 mittique
672 1093 769 1167 viros,
787 1093 843 1174 qui
859 1102 949 1155 certa
965 1101 1146 1174 reportent.

284 1197 329 1272 Si,
346 1197 405 1260 tibi
422 1217 508 1279 quae
524 1217 636 1278 posco
656 1198 862 1278 promittunt,
873 1235 916 1242 -
927 1218 1004 1260 nam
1020 1197 1101 1259 mihi
1117 1196 1200 1260 facti

199 1325 242 1377 ¹95
285 1302 390 1364 Fama
406 1312 457 1365 sat
472 1311 532 1376 est,
544 1338 587 1346 —
599 1300 727 1364 tumulo
743 1303 857 1364 videor
872 1304 1016 1384 reperire
1034 1302 1096 1364 sub
1111 1301 1169 1364 illo
1224 1341 1228 1348 ,

285 1406 385 1468 Posse
401 1406 488 1468 viam
506 1407 547 1468 ad
564 1427 676 1468 muros
692 1416 726 1469 et
743 1407 873 1468 moenia
892 1407 1090 1469 Pallantea.'’
1152 1426 1154 1430 ·

327 1509 498 1591 Obstipuit
514 1531 636 1590 magno
654 1511 790 1573 laudum
807 1531 984 1592 percussus
1001 1529 1114 1572 amore

284 1615 468 1698 Euryalus;
493 1615 591 1676 simul
607 1614 660 1677 his
673 1615 845 1678 ardentem
862 1615 995 1677 adfatur
1012 1615 1176 1677 amicum:

284 1719 414 1780 “Mene
429 1718 530 1798 igitur
547 1718 672 1782 socium
690 1719 827 1780 summis
843 1718 1025 1798 adiungere
1041 1718 1150 1793 rebus,

195 1845 243 1880 200
284 1823 375 1896 Nise,
393 1821 506 1903 fugis?
531 1824 636 1885 solum
654 1832 687 1885 te
703 1822 737 1886 in
753 1832 846 1886 tanta
863 1822 1009 1904 pericula
1025 1822 1177 1885 mittam?

284 1927 361 1988 Non
378 1927 424 1988 ita
439 1947 493 1988 me
510 1927 648 2007 genitor,
666 1927 761 1988 bellis
778 1928 936 1990 adsuetus
953 1927 1127 2007 Opheltes

283 2030 477 2110 Argolicum
494 2040 653 2092 terrorem
672 2031 758 2093 inter
773 2033 958 2112 Troiaeque
976 2030 1105 2093 labores

283 2134 458 2197 Sublatum
477 2134 614 2210 erudiit;
640 2154 700 2197 nec
717 2144 827 2197 tecum
843 2136 922 2197 talia
939 2134 1036 2215 gessi,

284 2238 536 2316 Magnanimum
554 2238 695 2300 Aenean
713 2248 746 2301 et
762 2239 833 2301 fata
848 2248 996 2301 extrema
1015 2248 1169 2302 secutus:

195 2364 240 2415 205
283 2341 345 2402 Est
361 2341 423 2416 hic,
442 2351 493 2404 est
509 2343 639 2403 animus
656 2342 737 2404 lucis
754 2352 972 2423 contemptor,
990 2352 1024 2406 et
1038 2344 1139 2405 istum

282 2444 348 2526 Qui
364 2445 431 2507 vita
447 2444 533 2508 bene
549 2446 662 2508 credat
679 2446 753 2520 emi,
772 2467 837 2528 quo
854 2447 972 2521 tendis
991 2447 1183 2510 honorem.”

325 2549 427 2612 Nisus
444 2550 486 2611 ad
503 2549 607 2613 haec:
637 2550 830 2631 “Equidem
849 2551 889 2614 de
906 2561 939 2614 te
956 2551 1001 2614 nil
1017 2551 1082 2614 tale
1098 2551 1237 2614 verebar
1247 2572 1254 2627 ;

282 2654 354 2716 Nec
371 2653 432 2728 fas
451 2674 537 2729 non;
562 2653 607 2716 ita
623 2674 678 2716 me
694 2655 818 2717 referat
834 2655 893 2717 tibi
910 2676 1053 2737 magnus
1069 2666 1226 2719 ovantem

281 2757 441 2837 Iuppiter,
459 2767 517 2819 aut
534 2758 733 2839 quicumque
750 2759 853 2821 oculis
871 2760 953 2822 haec
971 2760 1088 2841 aspicit
1105 2759 1230 2840 aequis.

193 2883 241 2918 210
282 2860 347 2923 Sed
365 2860 392 2922 si
409 2862 534 2941 quis-
546 2882 630 2942 quae
646 2863 749 2924 multa
766 2862 860 2924 vides
876 2863 1065 2926 discrimine
1080 2863 1192 2925 tali-

281 2963 315 3026 Si
332 2963 406 3045 quis
422 2963 455 3025 in
473 2964 648 3027 adversum
666 2966 773 3046 rapiat
790 2987 928 3029 casusve
945 2967 1078 3042 deusve,

279 3069 329 3130 Te
346 3088 521 3149 superesse
537 3069 655 3131 velim:
679 3079 736 3131 tua
752 3070 821 3133 vita
837 3071 968 3152 dignior
983 3081 1084 3134 aetas.

281 3171 339 3246 Sit,
357 3174 413 3253 qui
431 3192 483 3235 me
500 3182 632 3254 raptum
651 3194 765 3254 pugna
783 3176 930 3254 pretiove
946 3176 1157 3255 redemptum

282 3275 420 3338 Mandet
437 3277 547 3351 humo,
566 3277 662 3340 solita
678 3287 735 3339 aut
752 3278 779 3339 si
796 3299 861 3360 qua
877 3279 911 3340 id
926 3279 1061 3341 fortuna
1077 3279 1212 3352 vetabit,

192 3399 238 3451 215
280 3371 423 3441 Absenti
440 3380 526 3442 ferat
542 3381 689 3456 inferias,
708 3381 907 3463 decoretque
924 3383 1086 3464 sepulcro

281 3481 355 3543 Neu
373 3483 470 3544 matri
486 3484 624 3546 miserae
641 3485 724 3547 tanti
742 3485 803 3548 sim
820 3506 920 3548 causa
936 3486 1067 3561 doloris

280 3584 375 3665 Quae
392 3595 425 3648 te
442 3587 520 3660 sola,
539 3607 628 3667 puer,
647 3589 758 3650 multis
774 3610 793 3652 e
810 3590 969 3652 matribus
985 3610 1067 3653 ausa

280 3687 500 3768 Persequitur,
519 3693 632 3768 magni
648 3711 709 3752 nec
726 3693 858 3754 moenia
874 3703 968 3755 curat
986 3694 1163 3757 Acestae.”
1226 3735 1230 3741 -

281 3791 343 3852 Ille
360 3800 469 3854 autem
489 3793 645 3855 “Causas
661 3797 862 3876 nequiquam
881 3797 985 3860 nectis
1002 3797 1127 3871 inanes
