2816 4282
450 866 488 943 a
525 866 758 942 unuani
800 835 1055 940 unuoms

551 1079 953 1174 AENEIDOS

517 1364 663 1427 LIBER
695 1363 987 1428 UNDECIMUS

332 1534 504 1599 Oceanum
521 1533 648 1595 interea
665 1552 806 1612 surgens
823 1532 956 1594 Aurora
972 1531 1123 1613 reliquit;

288 1639 433 1712 Aeneas,
451 1656 652 1719 quamquam
669 1646 702 1699 et
719 1637 816 1698 sociis
833 1635 912 1698 dare
929 1645 1061 1716 tempus
1078 1637 1257 1700 humandis

289 1742 510 1822 Praecipitant
526 1761 634 1816 curae,
653 1740 850 1822 turbataque
869 1741 985 1803 funere
1001 1759 1095 1802 mens
1112 1750 1174 1813 est,

287 1849 375 1910 Vota
392 1847 488 1908 deum
508 1847 613 1927 primo
629 1844 734 1907 victor
750 1843 900 1907 solvebat
918 1845 997 1906 E00.

291 1952 466 2030 Ingentem
484 1969 642 2032 quercum
660 1949 778 2011 decisis
794 1949 940 2031 undique
958 1950 1057 2011 ramis

288 2053 468 2119 Constituit
484 2055 619 2129 tumulo,
639 2053 870 2134 fulgentiaque
888 2053 993 2116 induit
1010 2073 1110 2127 arma,

275 2155 434 2223 ¹Mezenti
450 2159 543 2222 ducis
560 2161 703 2234 exuvias,
721 2158 789 2234 tibi,
808 2178 940 2238 magne,
958 2168 1143 2238 tropaeum,

289 2265 512 2344 Bellipotens:
538 2274 631 2346 aptat
647 2273 797 2326 rorantes
815 2262 978 2344 sanguine
995 2263 1110 2325 cristas

286 2369 434 2450 Telaque
450 2380 567 2432 trunca
584 2369 644 2431 viri
661 2379 694 2432 et
711 2369 761 2431 bis
779 2389 836 2431 sex
853 2369 989 2430 thoraca
1006 2367 1145 2448 petitum

290 2473 546 2555 Perfossumque
564 2474 652 2549 locis,
671 2475 881 2556 clipeumque
898 2492 938 2534 ex
954 2491 1029 2534 aere
1046 2473 1201 2534 sinistrae

287 2577 449 2657 Subligat,
468 2587 567 2659 atque
584 2598 697 2640 ensem
717 2579 801 2640 collo
820 2577 993 2659 suspendit
1008 2575 1182 2638 eburnum.

285 2683 371 2743 Tum
390 2682 504 2757 socios
523 2703 667 2765 namque
684 2682 790 2745 omnis
807 2702 882 2744 eum
899 2681 1021 2761 stipata
1036 2679 1173 2760 tegebat

286 2785 399 2847 Turba
415 2786 547 2862 ducum,
566 2788 612 2850 sic
630 2787 793 2868 incipieus
810 2787 960 2848 hortatur
976 2794 1133 2847 ovantes:

329 2889 508 2952 “Maxima
524 2911 577 2952 res
594 2891 725 2964 effecta,
743 2891 821 2965 viri;
845 2890 944 2951 timor
960 2887 1067 2971 omnis
1084 2887 1210 2963 abest0,

287 2995 385 3076 Quod
403 3006 574 3076 superest:
599 2997 681 3060 haec
699 3009 776 3060 sunt
794 2997 898 3078 spolia
915 3006 948 3058 et
965 2996 1006 3058 de
1023 3014 1102 3074 rege
1118 2993 1265 3073 superbo

287 3099 462 3176 Primitiae,
481 3103 699 3185 manibusque
717 3103 799 3166 meis
818 3101 1005 3164 Mezentius
1021 3101 1073 3162 hic
1090 3108 1149 3161 est.

287 3205 385 3267 Nunc
402 3204 464 3268 iter
480 3207 522 3268 ad
539 3227 652 3288 regem
671 3207 766 3270 nobis
784 3225 961 3288 murosque
980 3205 1126 3267 Latinos.

287 3309 391 3372 Arma
408 3322 524 3391 parate
542 3311 668 3386 animis,
687 3321 719 3374 et
737 3332 796 3394 spe
814 3310 1015 3392 praesumite
1031 3308 1163 3381 bellum,

287 3413 339 3473 Ne
355 3434 420 3495 qua
438 3435 529 3477 mora
546 3414 689 3495 ignaros
708 3415 762 3477 ubi
780 3416 920 3495 primum
937 3415 1059 3476 vellere
1076 3412 1173 3492 signa

288 3516 476 3581 Adnuerint
493 3520 604 3600 superi
622 3519 810 3601 pubemque
827 3519 967 3581 educere
984 3517 1110 3592 castris,

286 3620 460 3700 Impediat,
479 3622 632 3702 segnisve
649 3633 740 3685 metu
758 3624 919 3685 sententia
937 3623 1054 3685 tardet.

285 3722 417 3785 Interea
435 3725 540 3786 socios
557 3725 794 3808 inhumataque
811 3747 950 3809 corpora
965 3736 1073 3788 terrae

285 3825 493 3901 Mandemus,
512 3827 567 3908 qui
585 3829 674 3890 solus
691 3830 795 3892 honos
813 3831 1006 3893 Acheronte
1023 3829 1084 3892 sub
1100 3831 1166 3892 imo
1184 3840 1246 3893 est.

720 3939 767 3999 284
