2816 4282
456 311 572 386 anian
598 331 829 388 annuemus

86 525 128 588 480
161 514 274 582 Causa
291 513 378 578 mali
394 513 492 589 tanti,
510 511 622 576 oculos
639 511 767 576 deiecta
783 513 929 579 decoros

162 621 364 686 Succedunt
381 627 516 694 matres,
533 627 567 679 et
582 617 743 699 templum
761 626 833 681 ture
849 629 1022 700 vaporant,

164 726 210 789 Et
225 733 381 788 maestas
397 723 466 786 alto
481 721 628 784 fundunt
644 721 685 786 de
702 721 814 784 limine
831 741 938 787 voces

165 837 183 862 “
197 829 435 911 Armipotens,
454 845 590 908 praeses
612 824 699 900 belli,
717 825 867 889 Tritonia
882 827 985 910 virgo,

165 937 307 1016 Frange
323 953 428 996 manu
444 931 546 994 telum
565 929 699 1014 Phrygii
716 931 902 1011 praedonis,
919 941 953 996 et
968 935 1076 1015 ipsum

88 1048 129 1114 485
168 1041 319 1102 Pronum
336 1045 450 1100 sterne
466 1034 545 1110 solo,
564 1033 733 1116 portisque
753 1035 890 1098 effunde
906 1037 968 1101 sub
984 1038 1091 1100 altis''

170 1143 328 1225 Cingitur
343 1141 417 1223 ipse
433 1140 549 1203 furens
564 1141 715 1202 certatim
732 1139 765 1202 in
781 1141 907 1221 proelia
923 1143 1065 1206 Turnus.

173 1250 314 1330 Iamque
331 1247 417 1311 adeo
436 1246 596 1309 Rutulum
612 1245 750 1310 thoraca
766 1246 901 1310 indutus
918 1245 1009 1310 aenis

175 1351 348 1416 Horrebat
363 1350 520 1433 squamis
538 1371 698 1432 surasque
714 1350 893 1414 incluserat
909 1371 998 1427 auro,

173 1457 344 1539 Tempora
359 1455 471 1518 nudus
488 1455 606 1530 adhuc,
624 1454 785 1537 laterique
800 1457 988 1519 accinxerat
1002 1475 1126 1531 ensem,

94 1585 138 1634 490
175 1560 410 1643 Fulgebatque
426 1559 494 1622 alta
509 1560 689 1623 decurrens
706 1580 825 1624 aureus
847 1579 931 1636 arce,

175 1665 398 1746 Exsultatque
413 1663 542 1741 animis,
559 1674 593 1727 et
609 1684 668 1746 spe
684 1665 749 1726 iam
767 1666 930 1746 praecipit
945 1664 1095 1728 hostem:

175 1769 293 1853 Qualis
310 1768 368 1832 ubi
385 1767 534 1849 abruptis
552 1768 639 1849 fugit
656 1768 852 1850 praesaepia
867 1768 984 1832 vinclis

175 1874 329 1938 Tandem
345 1871 429 1935 liber
444 1892 558 1954 equuS,
578 1892 764 1954 campoque
781 1872 905 1954 potitus
922 1883 1038 1954 aperto

174 1979 246 2041 Aut
261 1976 318 2040 ille
334 1976 369 2038 in
385 1986 501 2058 pastus
517 1985 733 2057 armentaque
749 1976 855 2038 tendit
871 1996 1041 2058 equarum,

98 2105 139 2157 495
176 2083 256 2158 Aut,
274 2081 435 2144 adsuetus
450 2100 556 2162 aquae
573 2079 729 2162 perfundi
747 2079 882 2143 flumine
898 2088 986 2156 noto,

177 2185 318 2260 Emicat,
336 2183 539 2266 arrectisque
556 2183 668 2246 fremit
685 2183 866 2248 cervicibus
883 2184 948 2247 alte

177 2288 378 2362 Luxuriam,
395 2288 580 2370 luduntque
597 2287 693 2351 iubae
710 2308 769 2369 per
785 2288 879 2363 colla,
898 2307 956 2368 per
973 2307 1091 2352 armos.

220 2393 332 2458 Obvia
348 2392 410 2468 cui,
428 2392 625 2456 Volscorum
642 2391 712 2454 acie
729 2391 918 2467 comitante,
936 2392 1076 2456 Camilla

178 2497 342 2572 Occurrit,
360 2495 530 2578 portisque
547 2495 589 2558 ab
605 2516 691 2578 equo
708 2495 824 2577 regina
840 2495 901 2558 sub
918 2495 999 2576 ipsis

101 2622 143 2674 500
180 2601 334 2676 Desiluit,
351 2620 452 2683 quam
468 2609 539 2663 tota
554 2600 673 2664 cohors
688 2600 815 2663 imitata
831 2599 952 2664 relictis

178 2706 234 2768 Ad
251 2715 374 2768 terram
391 2704 527 2768 defluxit
542 2703 655 2787 equis;
678 2713 749 2766 tum
766 2703 844 2768 talia
860 2705 968 2767 latur:

180 2810 332 2884 “Turne,
350 2807 400 2872 sui
416 2809 533 2872 merito
549 2807 577 2872 si
592 2829 658 2891 qua
674 2817 725 2870 est
741 2807 861 2870 fiducia
875 2807 962 2885 forti,

180 2914 301 2977 Audeo
317 2921 351 2977 et
367 2912 565 2976 Aeneadum
582 2914 740 2994 promitto
755 2931 927 2975 occurrere
942 2922 1072 2976 turmae

182 3018 325 3098 Solaque
341 3017 534 3100 Tyrrhenos
550 3016 679 3100 equites
694 3017 741 3078 ire
758 3015 855 3079 obvia
871 3027 994 3080 contra.

103 3141 143 3195 505
183 3123 238 3184 Me
254 3121 326 3184 sine
343 3120 450 3203 prima
466 3141 567 3183 manu
585 3130 749 3202 temptare
767 3119 912 3201 pericula
928 3121 1024 3196 belli;

181 3226 232 3288 Tu
249 3225 353 3307 pedes
370 3225 412 3288 ad
427 3245 540 3288 muros
556 3224 707 3297 subsiste,
726 3233 760 3287 et
776 3225 907 3288 moenia
924 3226 1049 3288 serva.’'

182 3329 314 3394 Turnus
330 3329 373 3392 ad
389 3330 482 3406 haec,
500 3331 613 3394 oculos
630 3329 796 3394 horrenda
811 3331 844 3392 in
861 3329 989 3411 virgine
1006 3329 1111 3392 fixus:

184 3433 243 3498 “O
260 3434 363 3496 decus
381 3433 497 3498 Italiae
512 3433 616 3515 virg0,
634 3454 716 3516 quas
733 3434 842 3498 dicere
858 3443 978 3516 grates,
1092 3438 1094 3442 ’

183 3537 318 3620 Quasve
333 3538 459 3602 referre
475 3537 612 3619 parem?
636 3539 695 3602 sed
711 3559 809 3615 nunc,
826 3548 877 3602 est
893 3539 1004 3601 omnia
1020 3538 1153 3619 quando

22 3675 26 3688 =
107 3660 148 3712 510
184 3643 251 3705 Iste
269 3641 400 3704 animus
417 3662 526 3723 supra,
544 3662 672 3706 mecum
691 3643 813 3724 partire
830 3642 985 3706 laborem.

183 3746 328 3820 Aeneas,
346 3755 383 3808 ut
398 3747 488 3810 fama
504 3746 602 3810 fidem
620 3746 775 3828 missique
794 3756 964 3827 reportant

184 3850 428 3934 Exploratores,
445 3849 592 3934 equitum
609 3849 694 3914 levia
709 3851 879 3932 improbus
901 3869 993 3912 arma
