2816 4282
469 326 586 378 manu
613 327 842 380 unoncmus
1123 297 1207 400 Ι287
1231 351 1235 359 -

108 527 137 575 90
175 505 206 567 lt
222 506 421 582 lacrimans,
441 506 613 586 guttisque
631 514 777 568 umectat
793 506 976 587 grandibus
993 528 1059 571 ora.

172 597 329 673 ¹Hastam
346 609 402 672 alii
420 611 620 691 galeamque
637 610 769 684 lerunt;
794 629 872 672 nam
889 621 999 674 cetera
1015 612 1148 674 Turnus

174 715 301 778 Victor
344 714 457 778 habet.
529 713 615 776 Tum
659 723 785 776 maesta
830 714 976 796 phalanx
1020 714 1206 796 Teucrique

270 829 460 902 sequuntur

175 924 420 1008 Tyrrhenique
437 942 554 986 omnes
570 932 604 985 et
618 924 723 986 versis
739 923 891 986 Arcades
908 923 1016 986 armis.

225 1029 413 1110 Postquam
429 1026 538 1090 omnis
554 1027 654 1108 longe
670 1028 826 1090 comitum
845 1037 1052 1109 processerat
1069 1028 1158 1101 ord0,

111 1155 139 1206 95
181 1132 342 1197 Substitit
359 1131 509 1205 AeneaS,
526 1131 717 1212 gemituque
735 1132 816 1194 haec
833 1131 959 1194 addidit
975 1133 1060 1194 alto:

183 1238 290 1300 “Nos
306 1237 390 1299 alias
406 1234 485 1298 hinc
498 1236 539 1298 ad
555 1235 707 1297 lacrimas
724 1236 840 1298 eadem
857 1235 989 1298 horrida
1005 1235 1083 1298 belli

184 1341 270 1404 Fata
287 1349 412 1404 vocant
426 1360 440 1436 ;ο
458 1339 548 1402 salve
565 1348 736 1402 aeternum
753 1339 842 1414 mihi,
861 1339 1002 1402 maxime
1020 1340 1120 1414 Palla,

185 1446 443 1526 Aeternumque
459 1444 563 1506 vale.’'
612 1445 684 1506 Nec
702 1443 798 1526 plura
814 1444 937 1506 effatus
953 1444 994 1506 ad
1011 1444 1096 1506 altos

185 1549 363 1613 Tendebat
380 1569 502 1623 muros
520 1568 739 1630 gressumque
752 1549 786 1610 in
803 1559 910 1610 castra
925 1547 1063 1611 ferebat.

105 1675 147 1709 100
232 1655 373 1736 Iamque
389 1662 538 1716 oratores
555 1652 694 1715 aderant
710 1673 750 1715 ex
766 1651 846 1714 urbe
865 1652 994 1727 Latina,

187 1755 296 1818 Velati
313 1753 416 1815 ramis
433 1752 534 1828 oleae,
553 1752 750 1834 veniamque
768 1762 944 1833 rogantes:

190 1859 346 1940 Corpora,
366 1877 427 1938 per
442 1877 579 1937 campos
596 1856 685 1918 ferro
702 1877 788 1938 quae
805 1856 880 1918 fusa
896 1855 1058 1932 iacebant,

190 1963 369 2037 Redderet,
387 1981 425 2024 ac
443 1962 570 2023 tumulo
588 1963 710 2023 sineret
728 1960 906 2023 succedere
922 1969 1051 2036 terrae;

190 2067 326 2130 Nullum
344 2085 420 2128 cum
437 2063 532 2127 victis
548 2074 717 2128 certamen
734 2074 767 2127 et
784 2064 918 2127 aethere
935 2065 1038 2127 cassis
1052 2087 1059 2140 ;

111 2192 150 2244 105
190 2172 343 2234 Parceret
360 2168 545 2250 hospitibus
563 2169 730 2250 quondam
749 2170 938 2250 socerisque
953 2169 1087 2232 vocatis.

188 2275 281 2356 Quos
297 2274 407 2335 bonus
423 2273 568 2348 Aeneas,
587 2272 675 2333 haud
692 2273 901 2353 aspernanda
919 2282 1102 2354 precantes

187 2379 402 2459 Prosequitur
418 2376 524 2451 venia,
541 2385 575 2440 et
590 2376 700 2438 verbis
718 2378 800 2439 haec
816 2376 953 2458 insuper
969 2376 1079 2438 addit:

188 2483 394 2565 “Quaenam
410 2501 471 2543 vos
488 2490 580 2543 tanto
597 2481 732 2543 fortuna
750 2481 895 2562 indigna,
916 2480 1036 2556 Latini,

188 2585 357 2669 Implicuit
373 2585 470 2659 bello,
487 2585 621 2667 quinos
639 2585 777 2666 fugiatis
794 2585 942 2648 amicos?
1035 2565 1038 2572 ⁴

111 2713 151 2749 no
188 2692 306 2754 Pacem
327 2709 379 2752 me
395 2689 556 2752 exanimis
573 2700 606 2752 et
623 2689 741 2752 Martis
758 2699 845 2752 sorte
863 2690 1045 2771 peremptis

188 2795 325 2859 Oratis?
348 2794 501 2875 equidem
519 2803 552 2856 et
568 2793 651 2856 vivis
668 2793 850 2857 concedere
866 2793 995 2856 vellem.

188 2901 260 2962 Nec
276 2899 362 2974 veni,
379 2899 442 2960 nisi
459 2899 529 2961 fata
544 2898 652 2961 locum
671 2898 849 2979 sedemque
866 2897 1054 2973 dedissent;

188 3005 261 3067 Nec
277 3003 398 3065 bellum
418 3022 492 3065 cum
510 3012 610 3083 gente
628 3023 729 3083 gero;
754 3022 810 3064 rex
828 3011 940 3064 nostra
957 3001 1087 3083 reliquit

189 3106 355 3188 Hospitia,
372 3117 405 3169 et
421 3107 525 3169 Turni
543 3109 652 3188 potius
670 3128 704 3170 se
721 3107 859 3169 credidit
876 3105 983 3168 armis.

110 3234 148 3288 115
188 3213 341 3295 Aequius
358 3213 432 3277 huic
450 3216 599 3277 Turnum
618 3216 727 3277 fuerat
744 3234 780 3276 se
797 3231 966 3294 opponere
984 3211 1088 3272 morti.
1147 3233 1152 3242 ·

189 3317 224 3380 Si
240 3316 363 3379 bellum
381 3319 473 3382 finire
490 3339 599 3394 manu,
618 3321 644 3381 si
661 3319 784 3400 pellere
801 3317 949 3380 Teucros

188 3422 353 3502 Apparat,
371 3422 422 3485 his
438 3443 567 3486 mecum
584 3424 694 3485 decuit
710 3440 906 3485 concurrere
923 3419 996 3482 telis
1010 3440 1017 3494 ;

188 3523 295 3597 Vixet,
314 3527 366 3588 cui
382 3526 483 3589 vitam
501 3528 582 3590 deus
600 3537 656 3589 aut
673 3547 731 3588 sua
748 3527 863 3588 dextra
880 3524 1035 3586 dedisset.

191 3629 289 3691 Nunc
305 3631 350 3691 ite
367 3640 399 3693 et
416 3631 542 3694 miseris
560 3631 738 3712 supponite
755 3628 880 3692 civibus
897 3627 1040 3709 ignem.”

111 3755 152 3792 120
234 3733 371 3796 Dixerat
388 3735 531 3796 Aeneas
581 3735 632 3797 llli
650 3734 838 3814 obstipuere
856 3733 1000 3806 silentes,

190 3837 415 3918 Conversique
431 3839 543 3900 oculos
560 3838 643 3900 inter
661 3858 696 3900 se
713 3848 812 3918 atque
829 3855 885 3896 ora
902 3834 1070 3897 tenebant.
