2796 4282
214 297 273 342 100
563 285 722 340 VERGlLl
749 287 948 340 AENEIDOS

208 479 254 543 645
343 466 484 530 “Tertia
500 465 564 528 iam
585 467 701 530 Lunae
717 486 752 529 se
769 487 893 529 cornua
910 466 1032 530 lumine
1050 468 1229 549 complent,

255 575 258 582 '
297 571 381 634 Cum
398 570 500 633 uitam
517 572 550 632 in
568 569 658 633 silvis
675 570 760 633 inter
776 570 909 634 deserta
925 571 1073 634 ferarum

299 675 419 737 Lustra
436 675 620 757 domosque
636 675 741 750 traho,
759 684 937 758 vastosque
954 675 996 737 ab
1012 696 1095 756 rupe
1114 671 1278 760 Cyclopas

297 779 474 861 Prospicio,
494 779 704 861 sonitumque
721 779 844 861 pedum
861 800 1044 861 vocemque
1059 789 1233 843 tremesco.

295 883 429 947 Victum
447 884 625 960 infelicem,
642 885 744 947 bacas
761 884 977 967 lapidosaque
994 905 1105 960 corna,

207 1001 254 1064 656
298 989 389 1052 Dant
405 989 497 1063 rami,
514 998 548 1051 et
565 988 667 1052 vulsis
683 997 826 1070 pascunt
843 989 1009 1052 radicibus
1026 989 1160 1053 herbae.

296 1093 420 1157 Omnia
436 1094 655 1168 conlustrans,
674 1094 762 1156 hanc
779 1093 921 1176 primum
939 1095 981 1156 ad
998 1094 1093 1157 litora
1109 1094 1250 1158 classem

296 1198 463 1280 Conspexi
478 1199 677 1261 venientem.
729 1198 818 1261 Huic
836 1217 897 1274 me,
916 1219 1145 1281 quaecumque
1163 1199 1287 1272 fuisset,

294 1301 437 1379 Addixi;
463 1302 541 1365 satis
558 1311 608 1366 est
626 1313 761 1384 gentem
778 1303 939 1384 effugisse
956 1303 1148 1365 nefandam.

293 1406 365 1469 Vos
381 1408 525 1469 animam
543 1407 630 1470 hanc
647 1407 757 1488 potius
776 1427 985 1490 quocumque
1003 1407 1169 1470 absumite
1186 1407 1280 1470 let0.''

205 1523 251 1588 655
338 1511 402 1574 Vix
419 1531 459 1573 ea
475 1512 566 1574 fatus
583 1521 662 1586 erat,
683 1532 812 1574 summo
830 1532 904 1575 cum
920 1521 1033 1575 monte
1050 1511 1204 1574 videmus

295 1597 410 1697 Ipsum
428 1615 513 1678 inter
530 1616 676 1696 pecudes
693 1626 788 1678 vasta
805 1635 841 1678 se
858 1616 944 1680 mole
961 1626 1152 1680 moventem

296 1721 465 1782 Pastorem
485 1720 727 1804 Polyphemum
746 1729 779 1782 ct
795 1720 891 1783 litora
907 1730 987 1783 nota
1003 1730 1184 1802 petentem,

296 1825 485 1887 Monstrum
518 1823 729 1898 horrendum,
761 1825 914 1898 informe,
945 1826 1076 1904 ingens,
1108 1825 1162 1887 cui
1201 1825 1304 1886 lumen

381 1928 583 2010 ademptum.

293 2034 427 2095 Trunca
445 2053 545 2094 manu
564 2034 663 2114 pinus
679 2032 765 2113 regit
780 2042 814 2095 et
829 2032 970 2113 vestigia
987 2034 1113 2109 firmat;

203 2149 251 2198 660
293 2137 480 2218 Lanigerae
500 2138 699 2199 comitantur
715 2157 813 2213 oves;
839 2156 879 2199 ea
895 2137 967 2198 sola
982 2137 1136 2218 voluptas

294 2242 518 2322 Solamenque
536 2240 621 2302 mali.

293 2347 473 2428 Postquam
491 2345 575 2407 altos
591 2344 701 2425 tetigit
716 2345 836 2408 fluctus
854 2354 887 2408 et
903 2345 946 2408 ad
962 2365 1106 2427 aequora
1122 2347 1222 2419 venit,

294 2449 445 2512 Luminis
461 2448 577 2512 effossi
594 2449 731 2511 fluidum
749 2448 828 2512 lavit
843 2450 921 2512 inde
938 2469 1098 2523 cruorem,

294 2553 458 2616 Dentibus
475 2553 673 2616 infrendens
690 2552 826 2633 gemitu,
845 2553 1060 2634 graditurque
1079 2574 1138 2634 per
1153 2574 1274 2636 aequor

202 2670 249 2735 665
292 2658 365 2720 Iam
383 2657 538 2732 medium,
557 2657 699 2720 necdum
717 2657 837 2720 fluctus
854 2641 958 2720 latera
974 2657 1078 2719 ardua
1094 2657 1198 2720 tinxit.

293 2761 365 2824 Nos
382 2761 495 2842 procul
512 2761 590 2824 inde
608 2762 723 2842 fugam
741 2760 861 2842 trepidi
878 2762 1032 2836 celerare,
1050 2771 1185 2843 receptu
1252 2803 1254 2808 -

292 2865 451 2948 Supplice
468 2867 514 2928 sic
531 2865 657 2939 meritc,
677 2865 834 2947 tacitique
851 2865 997 2929 incidere
1013 2865 1148 2941 funem;

291 2971 462 3035 Verrimus
478 2979 511 3032 et
529 2969 625 3051 proni
642 2970 846 3032 certantibus
863 2991 1008 3052 aequora
1025 2970 1132 3033 remis.

291 3074 412 3149 Sensit,
430 3084 463 3136 et
479 3074 521 3136 ad
539 3073 682 3136 sonitum
700 3074 790 3138 vocis
806 3074 947 3156 vestigia
963 3075 1066 3137 torsit.

113 3227 117 3238 .
201 3193 249 3252 670
289 3180 414 3242 Verum
432 3178 489 3241 ubi
506 3178 596 3241 nulla
614 3179 711 3256 datur
727 3179 843 3242 dextra
860 3179 1030 3242 adfectare
1047 3188 1206 3259 potestas,

291 3284 363 3346 Nec
381 3282 467 3364 potis
486 3284 599 3346 Ionios
616 3284 736 3346 fluctus
753 3303 895 3365 aequare
913 3283 1093 3366 sequendo,

290 3388 478 3452 Clamorem
496 3389 695 3452 immensum
711 3389 804 3464 tollit,
823 3410 888 3470 quo
905 3398 1028 3470 pontus
1045 3398 1078 3451 et
1093 3408 1209 3451 omnes

290 3493 529 3556 Contremuere
547 3494 665 3567 undae,
685 3495 883 3575 penitusque
900 3493 1055 3557 exterrita
1071 3493 1169 3556 tellus

291 3597 418 3670 Italiae,
436 3598 610 3680 curvisque
627 3597 791 3677 immugiit
808 3598 922 3660 Aetna
938 3597 1097 3660 cavernis.

201 3712 247 3776 675
334 3699 383 3761 At
400 3719 507 3779 genus
523 3720 542 3762 e
558 3699 648 3762 silvis
665 3700 850 3782 Cyclopum
867 3710 900 3764 et
915 3700 1084 3764 montibus
1100 3700 1175 3764 altis

292 3801 446 3864 Excitum
464 3803 529 3863 ruit
545 3801 587 3863 ad
604 3811 720 3883 portus
736 3812 770 3865 et
786 3804 880 3866 litora
896 3804 1075 3885 complent.
