2796 4282
201 288 245 366 96
453 373 456 378 Α
560 293 718 345 VERGlLl
746 293 943 346 AENEIDOS

291 472 393 536 Haud
411 472 523 554 segnis
540 481 642 535 strato
659 471 765 554 surgit
782 471 954 536 Palinurus
970 483 1003 537 et
1019 494 1137 537 omnes

291 578 452 658 Explorat
466 586 593 651 ventos,
611 586 711 658 atque
728 576 861 639 auribus
877 584 953 640 aera
969 587 1100 660 captat;

203 707 229 761 5ι
235 707 248 760 5
290 681 407 746 Sidera
422 690 542 743 cuncta
558 689 652 743 notat
667 682 768 743 tacito
784 680 930 744 labentia
946 682 1048 758 caelo,

290 787 471 848 Arcturum
489 785 684 866 pluviasque
703 785 843 868 Hyadas
854 787 1078 868 'geminosque
1095 789 1243 862 Triones,

290 891 534 972 Armatumque
550 909 631 951 auro
648 888 871 970 circumspicit
888 889 1022 953 Oriona.

290 996 469 1077 Postquam
486 1002 606 1056 cuncta
622 993 711 1055 videt
728 993 820 1055 caelo
837 1003 990 1058 constare
1006 1016 1132 1071 sereno

290 1099 359 1162 Dat
375 1100 500 1162 clarum
517 1119 535 1161 e
551 1099 658 1181 puppi
675 1099 825 1180 signum3
851 1121 912 1162 nos
929 1110 1037 1163 castra
1054 1121 1233 1176 movemus

204 1231 250 1282 520
289 1205 576 1285 Temptamusque
591 1205 679 1265 viam
696 1213 729 1266 et
745 1204 892 1266 velorum
909 1205 1084 1286 pandimus
1101 1205 1180 1268 alas

335 1309 473 1390 Iamque
489 1307 686 1370 rubescebat
702 1308 806 1371 stellis
822 1309 955 1371 Aurora
971 1309 1104 1390 fugatis

291 1414 375 1478 Cum
393 1412 508 1494 procul
524 1412 683 1475 obscuros
700 1412 801 1475 colles
818 1413 1041 1495 humilemque
1057 1413 1208 1476 videmus

292 1518 432 1580 Italiam.
481 1517 611 1578 ltaliam
630 1519 756 1598 primus
773 1499 958 1580 conclamat
975 1517 1133 1594 Achates,

291 1621 421 1684 ltaliam
438 1621 526 1684 laeto
543 1620 623 1684 socii
640 1621 785 1684 clamore
801 1621 955 1684 salutant.

205 1753 250 1805 5²5
291 1727 378 1789 Tum
395 1736 491 1808 pater
507 1726 675 1788 Anchises
692 1745 851 1806 magnum
868 1735 996 1788 cratera
1012 1746 1136 1788 corona

293 1831 406 1893 Induit
421 1830 638 1913 implevitque
655 1850 755 1906 mero,
773 1829 932 1912 divosque
949 1830 1079 1892 vocavit

292 1935 393 1999 Stans
410 1935 499 1998 celsa
515 1934 548 1996 in
566 1935 690 2016 puppi:

293 2040 368 2102 “Di
384 2039 483 2101 maris
500 2049 534 2101 et
549 2049 658 2102 terrae
675 2048 980 2121 tempestatumque
998 2049 1161 2120 potentes

293 2143 391 2206 Ferte
408 2142 495 2205 viam
511 2153 611 2206 vento
628 2143 762 2206 facilem
780 2153 813 2207 et
830 2144 953 2225 spirate
970 2143 1137 2206 secundi.''

205 2273 251 2325 530
335 2247 555 2312 Crebrescunt
571 2256 706 2329 optatae
723 2268 832 2323 aurae,
850 2256 1032 2328 portusque
1049 2248 1189 2329 patescit

293 2351 366 2413 lam
383 2353 531 2432 propior,'
544 2351 773 2434 templumque
789 2360 929 2432 apparet
946 2351 977 2412 in
995 2371 1071 2413 arce
1089 2350 1268 2413 Minervae.

296 2447 377 2519 l'ela
392 2454 508 2537 legunt
525 2456 613 2530 socii,
631 2465 665 2518 et
682 2477 796 2537 proras
813 2456 855 2519 ad
872 2456 967 2517 litora
983 2464 1147 2537 torquent.

287 2558 410 2623 Portus
426 2559 468 2622 ab
486 2560 597 2622 Euroo
614 2559 715 2622 fluctu
732 2570 887 2622 curvatus
903 2559 936 2620 in
953 2578 1065 2622 arcum
1079 2580 1085 2634 ;

292 2663 454 2728 Obiectae
471 2664 557 2727 salsa
574 2673 732 2745 spumant
747 2665 924 2745 aspargine
940 2673 1063 2735 cautes,

206 2793 251 2845 555
292 2769 371 2849 Ipse
387 2768 469 2830 latet
479 2789 486 2844 ;
511 2769 644 2849 gemino
664 2768 843 2830 demittunt
860 2767 1017 2830 bracchia
1032 2787 1126 2830 muro

293 2871 417 2934 Turriti
433 2873 570 2954 scopuli,
588 2873 779 2955 refugitque
796 2872 838 2934 ab
856 2873 950 2934 litore
967 2871 1136 2952 templum.

294 2976 459 3058 Quattuor
475 2975 538 3052 hic,
557 2977 698 3059 primum
717 2997 824 3053 omen,
844 2996 947 3058 equos
964 2975 997 3037 in
1014 2975 1164 3056 gramine
1180 2975 1248 3037 vidi
1293 3033 1295 3038 ,
1383 3007 1384 3010 ¹

293 3081 487 3144 Tondentes
503 3101 658 3162 campum
676 3082 750 3156 late,
769 3081 913 3144 candore
929 3079 1037 3142 nivali.

295 3185 338 3248 Et
355 3194 449 3266 pater
465 3185 652 3248 Anchises:
679 3186 847 3260 “Bellum,
866 3205 885 3247 ο
903 3194 991 3248 terra
1008 3183 1149 3264 hospita,
1168 3193 1294 3264 portas3

207 3314 253 3367 540
295 3289 389 3351 Bello
405 3299 576 3351 armantur
592 3288 677 3371 equi,
695 3289 818 3352 bellum
837 3290 919 3352 haec
936 3298 1086 3351 armenta
1103 3287 1277 3349 minantur.
1383 3303 1384 3370 l

295 3392 363 3457 Sed
379 3402 491 3455 tamen
507 3393 594 3455 idem
611 3393 688 3454 olim
706 3413 804 3455 curru
821 3393 998 3455 succedere
1015 3390 1099 3455 sueti
1151 3425 1155 3434 =

295 3496 547 3578 Quadrupedes
566 3506 598 3559 et
617 3496 711 3558 frena
728 3496 805 3576 iugo
823 3497 1000 3560 concordia
1017 3497 1124 3559 ferre:

296 3600 382 3681 Spes
397 3609 431 3662 et
446 3601 568 3681 paciS,’'
587 3600 641 3661 ait.
689 3600 774 3661 Tum
792 3600 930 3662 numina
946 3609 1063 3663 sancta
1079 3619 1254 3681 precamur

298 3701 442 3764 Palladis
459 3703 654 3775 armisonae,
673 3721 757 3783 quae
775 3703 881 3784 prima
897 3705 1025 3785 accepit
1041 3713 1189 3780 ovantes,

212 3829 257 3882 545
299 3805 343 3866 Et
358 3804 469 3885 capita
485 3813 562 3867 ante
579 3824 652 3865 aras
670 3805 813 3888 Phrygio
829 3807 979 3869 velamur
995 3807 1136 3883 amictu;
