2800 4286
505 293 621 344 LIBER
646 293 827 346 OCTAVUS

198 471 302 534 Vitam
318 491 397 548 oro;
425 470 534 553 patior
550 471 699 552 quemvis
716 472 835 534 durare
852 469 1008 534 laborem.

197 576 250 639 Sin
267 575 414 658 aliquem
432 575 609 638 infandum
626 595 750 664 casum,
770 577 928 651 Fortuna,
947 575 1091 650 minaris,

197 680 299 756 Nunc,
317 699 410 741 nunc
428 699 448 741 o
465 679 562 741 liceat
577 679 743 742 crudelem
761 679 959 760 abrumpere
976 679 1087 753 vitam,

119 793 160 857 580
196 785 281 846 Dum
291 804 402 846 curae
419 782 606 863 ambiguae,
624 783 702 846 dum
720 803 797 864 spes
814 783 940 846 incerta
957 782 1069 858 futuri,

196 889 281 950 Dum
299 898 343 961 te,
362 907 441 950 care
457 907 549 969 puer,
568 907 642 950 mea
657 908 732 950 sera
748 898 781 950 et
798 888 868 950 sola
884 888 1047 969 voluptas

195 993 378 1074 Complexu
395 1002 513 1068 teneo;
538 991 671 1073 gravior
686 1012 752 1055 neu
769 992 905 1055 nuntius
922 1011 1020 1054 aures

193 1097 387 1159 Vulneret.”
437 1096 533 1158 Haec
549 1096 679 1177 genitor
695 1096 847 1177 digressu
864 1096 953 1158 dicta
969 1115 1125 1176 supremo

194 1201 391 1275 Fundebat;
417 1200 535 1262 famuli
551 1201 746 1282 conlapsum
763 1200 796 1262 in
813 1209 901 1264 tecta
918 1200 1079 1262 ferebant.

116 1313 157 1379 585
236 1306 378 1386 Iamque
395 1305 480 1367 adeo
497 1304 621 1367 exierat
638 1305 742 1386 portis
759 1306 927 1386 equitatus
944 1303 1077 1385 apertis
1118 1337 1121 1346 ·

194 1409 330 1471 Aeneas
347 1409 434 1472 inter
451 1408 575 1490 primos
592 1418 625 1472 et
642 1409 727 1472 fidus
745 1409 905 1484 Achates

195 1513 277 1576 Inde
294 1513 350 1575 alii
366 1513 488 1576 Troiae
505 1532 677 1594 proceres,
703 1512 776 1594 ipse
792 1512 925 1593 agmine
944 1513 1052 1574 Pallas
1091 1555 1093 1559 ,

195 1619 234 1680 ln
250 1617 371 1693 medio,
390 1617 567 1701 chlamyde
582 1627 616 1680 et
632 1617 729 1699 pictis
746 1626 946 1698 conspectus
962 1616 995 1678 in
1013 1617 1131 1678 armis:

195 1722 312 1802 Qualis
329 1721 387 1784 ubi
403 1721 534 1786 Oceani
550 1723 706 1802 perfusus
726 1721 862 1784 Lucifer
879 1721 978 1796 unda,

117 1849 158 1900 590
195 1827 305 1908 Quem
322 1827 439 1889 Venus
457 1835 535 1888 ante
551 1826 633 1889 alios
649 1836 812 1888 astrorum
830 1825 937 1906 diligit
954 1825 1058 1906 igneS,

196 1930 322 1993 Extulit
339 1951 376 1992 os
393 1950 525 1992 sacrum
541 1931 634 1992 caelo
650 1931 871 2012 tenebrasque
888 1929 1032 1992 resolvit.

195 2035 292 2098 Stant
310 2034 452 2116 pavidae
468 2035 502 2096 in
519 2035 620 2096 muris
638 2045 768 2109 matres,
787 2034 956 2116 oculisque
974 2043 1159 2115 sequuntur

195 2138 391 2202 Pulveream
408 2138 531 2200 nubem
549 2147 582 2200 et
597 2139 767 2219 fulgentes
784 2158 860 2200 aere
877 2147 1036 2200 catervas

194 2242 264 2306 Olli
279 2263 340 2324 per
356 2243 484 2317 dumos
503 2263 568 2324 qua
585 2242 734 2322 proxima
751 2251 839 2306 meta
855 2243 992 2317 viarum,

114 2370 154 2422 595
195 2347 330 2409 Armati
345 2347 506 2424 tendunt;
531 2348 556 2409 it
572 2347 705 2422 clamor,
724 2356 757 2408 et
773 2345 907 2426 agmine
924 2348 1014 2409 iacto

195 2451 484 2533 Quadrupedante
500 2461 631 2532 putrem
648 2450 757 2513 souitu
774 2451 879 2532 quatit
895 2451 1021 2531 ungula
1037 2470 1202 2531 campum.

196 2556 258 2618 Est
274 2555 394 2636 iugens
411 2554 558 2636 gelidum
575 2556 669 2618 lucus
686 2575 791 2636 prope
809 2554 949 2618 Caeritis
967 2575 1110 2630 amnem,
1147 2592 1149 2598 ·

197 2659 372 2740 Religione
390 2669 522 2740 patrum
538 2659 604 2722 late
620 2679 733 2734 sacer;
758 2659 905 2740 undique
923 2658 1024 2722 colles
1047 2643 1048 2646 Ἴ

197 2763 370 2826 Inclusere
386 2764 459 2826 cavi
476 2773 508 2826 et
525 2765 621 2845 nigra
637 2783 754 2826 nemus
771 2763 879 2826 abiete
896 2764 1043 2844 cingunt.

112 2879 158 2926 600
197 2867 333 2931 Silvano
350 2868 442 2929 fama
457 2877 508 2930 est
523 2877 653 2930 veteres
670 2887 820 2930 sacrasse
838 2868 1007 2948 Pelasgos

197 2972 365 3034 Arvorum
383 2973 579 3054 pecorisque
596 2972 669 3047 deo,
687 2972 864 3053 lucumque
881 2972 1044 3053 diemque,

197 3075 266 3157 Qui
281 3076 380 3157 primi
395 3077 478 3138 lines
494 3075 672 3158 aliquando
690 3076 835 3138 habuere
854 3076 991 3138 Latinos
1004 3095 1011 3151 ;

199 3180 302 3242 Haud
319 3180 434 3260 procul
452 3181 529 3243 hinc
545 3181 677 3244 Tarcho
694 3190 727 3242 et
743 3181 908 3264 Tyrrheni
924 3189 996 3242 tuta
1012 3179 1171 3243 tenebant

198 3285 317 3348 Castra
334 3284 424 3360 locis
442 3285 597 3367 celsoque
614 3285 721 3348 omnis
737 3285 779 3348 de
796 3284 879 3348 colle
895 3283 999 3347 videri

115 3399 158 3464 605
200 3389 272 3450 Iam
290 3398 420 3470 poterat
436 3389 532 3470 legio,
550 3399 584 3452 et
600 3389 674 3452 latis
691 3388 850 3452 tendebat
866 3390 900 3450 in
917 3388 1012 3451 arvis.

200 3493 278 3555 Huc
295 3502 392 3575 pater
408 3493 544 3556 Aeneas
560 3502 594 3555 et
610 3493 697 3556 bello
714 3492 800 3556 lecta
817 3493 972 3556 iuventus

200 3597 401 3672 Succedunt,
419 3597 566 3678 fessique
582 3607 616 3660 et
632 3617 736 3679 equos
753 3606 786 3658 et
802 3617 942 3678 corpora
959 3607 1085 3660 curant.

243 3703 291 3765 At
308 3702 424 3764 Venus
440 3703 606 3764 aetherios
623 3701 708 3764 inter
725 3701 787 3764 dea
804 3702 945 3764 candida
961 3702 1091 3764 nimbos

201 3807 300 3868 Dona
317 3806 428 3869 terens
445 3806 578 3880 aderat;
604 3815 786 3886 natumque
802 3807 836 3866 in
852 3805 937 3868 valle
954 3797 1091 3868 reducta

276 3919 393 3965 rnraza's
406 3929 509 3964 nanum
518 3942 549 3950 —
560 3929 587 3982 15
