2800 4286
516 311 632 364 LIBER
657 312 836 366 OCTAVUS

207 494 282 574 lpse
298 513 365 574 ego
381 502 416 555 te
432 490 516 572 ripis
532 500 565 554 et
581 500 672 554 recto
689 491 824 554 flumine
841 492 970 570 ducam,

206 597 396 660 Adversum
414 597 515 658 remis
533 615 671 677 superes
688 595 866 660 subvectus
884 607 918 660 ut
935 618 1076 662 amnem.

206 702 311 782 Surge
329 721 403 781 age,
422 710 501 762 nate
518 699 589 775 dea,
607 699 787 781 primisque
804 700 1000 764 cadentibus
1015 703 1112 766 astris

207 801 328 868 iunoni
345 805 477 866 territe
494 822 620 884 preces,
639 803 787 885 iramque
804 805 976 897 minasque

205 909 422 993 Supplieibus
438 927 560 988 supera
575 907 668 969 votis
719 909 805 970 Mihi
821 909 924 972 victor
941 911 1098 974 honorem

206 1015 388 1078 Persolves.
439 1013 513 1093 Ego
530 1031 613 1086 sum,
631 1012 730 1092 pleno
749 1031 847 1094 quem
864 1013 998 1077 flumine
1015 1016 1122 1078 cernis

206 1120 436 1201 Stringentem
453 1116 541 1197 ripas
558 1125 591 1177 et
608 1115 745 1196 pinguia
761 1117 849 1180 culta
865 1129 1044 1193 secantem,

206 1223 388 1288 Caeruleus
405 1219 561 1306 Thybris,
579 1220 671 1282 caelo
690 1221 898 1302 gratissimus
915 1224 1029 1286 amnis.

208 1329 272 1392 Hic
289 1329 371 1392 mihi
387 1350 511 1411 magna
527 1332 656 1407 domus,
675 1331 771 1394 celsis
788 1340 888 1412 eaput
904 1330 1049 1405 urbibus,
1067 1329 1164 1393 exit.''

249 1434 352 1510 Dixit,
369 1433 490 1498 deinde
508 1436 580 1499 lacu
600 1435 736 1498 Fluvius
753 1455 788 1498 se
805 1435 952 1498 condidit
968 1435 1043 1509 alto,

206 1539 277 1600 lma
294 1548 433 1621 petens;
458 1560 522 1601 nox
539 1541 680 1603 Aenean
698 1559 900 1620 somnusque
917 1539 1056 1620 reliquit.

206 1644 330 1724 Surgit,
347 1653 390 1718 et,
407 1644 546 1706 aetherii
557 1654 718 1725 'spectans
735 1644 873 1707 orientia
890 1644 976 1708 Solis

206 1748 359 1823 Lumina,
376 1747 439 1810 rite
456 1748 545 1810 cavis
561 1747 684 1810 undam
702 1749 743 1810 de
760 1747 895 1812 flumine
913 1749 1031 1829 palmis

205 1852 365 1927 Sustinet,
383 1872 422 1914 ac
439 1851 522 1914 tales
539 1853 683 1915 effundit
700 1852 739 1914 ad
759 1853 894 1916 aethera
910 1873 1026 1916 voces:

205 1962 223 1989 “
235 1956 428 2041 Nymphae,
442 1955 627 2020 Laurentes
646 1957 835 2041 Nymphae,
848 1977 954 2038 genus
965 1957 1118 2020 amnibus
1134 1959 1222 2021 unde

291 2069 353 2136 est,

204 2166 334 2247 Tuque,
353 2185 371 2227 o
389 2165 517 2249 Thybri
532 2176 589 2228 tuo
606 2165 736 2247 genitor
753 2186 828 2229 cum
846 2167 980 2229 flumine
998 2177 1122 2242 saneto

206 2269 361 2350 Accipite
379 2270 530 2344 Aenean,
550 2280 583 2332 et
599 2271 734 2332 tandem
752 2280 861 2334 arcete
879 2272 1017 2352 periclis.

205 2374 281 2456 Quo
298 2383 490 2455 tecumque
508 2375 608 2450 lacus,
627 2375 840 2438 miserantem
857 2376 1066 2439 incommoda
1083 2387 1204 2449 nostra,

139 2501 148 2512 ·
206 2480 314 2541 Fonte
331 2487 432 2552 tenet,
451 2498 659 2560 quocumque
678 2479 748 2542 solo
766 2481 1007 2560 pulcherrimus
1023 2480 1101 2555 exis,

205 2583 347 2665 Semper
363 2583 488 2644 honore
506 2603 588 2658 me0,
607 2603 739 2664 semper
758 2583 968 2647 celebrabere
985 2584 1089 2660 donis,

204 2685 368 2767 Corniger
386 2685 612 2766 Hesperidum
630 2687 749 2750 fluvius
767 2698 922 2769 regnator
939 2709 1107 2770 aquarum.

204 2789 308 2853 Adsis
326 2811 344 2853 o
360 2799 490 2853 tantum
508 2801 541 2853 et
557 2793 695 2872 propius
713 2801 769 2854 tua
786 2796 923 2856 numina
939 2793 1079 2856 firmes’'

205 2894 261 2959 Sic
279 2904 448 2969 memorat,
466 2895 682 2977 geminasque
699 2895 779 2977 legit
795 2897 836 2960 de
853 2899 958 2962 classe
975 2898 1126 2972 biremes,

208 2999 428 3080 Remigioque
444 3007 537 3081 aptat
546 3019 553 3074 ;
578 3000 684 3063 socios
702 3000 799 3063 simul
815 3003 947 3066 instruit
963 3003 1071 3064 armis,

251 3105 339 3167 Ecce
351 3114 461 3168 autem
475 3106 619 3169 subitum
634 3117 732 3190 atque
746 3108 849 3171 oculis
863 3107 1010 3170 mirabile
1028 3115 1220 3181 monstrum,

206 3207 355 3271 Candida
372 3230 431 3290 per
447 3211 563 3273 silvam
581 3232 655 3275 cum
674 3213 745 3275 fetu
759 3212 913 3275 concolor
930 3211 1003 3274 albo

208 3312 384 3376 Procubuit
401 3313 562 3396 viridique
577 3315 611 3377 in
628 3316 722 3379 litore
739 3316 940 3397 conspicitur
957 3335 1021 3377 sus.

207 3415 317 3498 Quam
334 3417 409 3498 pius
425 3418 563 3482 Aeneas
578 3419 637 3482 tibi
653 3419 750 3495 enim,
769 3418 838 3494 tibi,
857 3421 999 3481 maxima
1018 3419 1110 3494 luno,

208 3519 344 3597 Mactat,
362 3541 457 3585 sacra
474 3523 594 3598 terena,
613 3533 737 3587 etcum
757 3543 858 3604 grege
876 3522 961 3586 sistit
977 3521 1018 3584 ad
1034 3542 1134 3584 aram.

206 3623 350 3708 Thybris
366 3646 406 3688 ea
422 3626 567 3702 fluvium,
585 3649 684 3710 quam
702 3629 802 3708 longa
819 3636 878 3702 est,
895 3636 993 3690 nocte
1009 3634 1191 3688 tumentem

208 3728 325 3805 Leniit,
342 3739 375 3792 et
391 3732 492 3794 tacita
508 3732 650 3795 refluens
666 3734 712 3794 ita
729 3730 875 3794 substitit
890 3732 988 3804 unda,

208 3833 299 3896 Mitis
315 3843 352 3898 ut
366 3835 401 3898 in
419 3855 543 3900 morem
561 3837 672 3918 stagni
689 3835 906 3917 placidaeque
923 3832 1052 3914 paludis

282 3947 399 3994 rnmzs’s
416 3929 559 3995 niuaro—
570 3961 599 4008 ¹4
