2800 4286
203 303 264 365 180
555 305 714 358 VERGlLl
741 302 939 357 AENElDOS

288 485 436 568 Campus
452 494 530 566 aget
546 484 708 566 gemitus!
732 483 786 546 vel
802 503 897 566 quae,
915 482 1080 559 Tiberine,
1098 483 1233 547 videbis

288 591 431 664 Funera,
448 609 524 651 cum
541 588 705 650 tumulum
723 587 968 669 praeterlabere
986 589 1176 650 recentem!

201 705 248 772 875
292 694 364 757 Nec
381 712 464 774 puer
482 691 583 754 Iliaca
601 692 775 774 quisquam
792 691 833 754 de
850 700 949 772 gente
968 691 1108 755 Latinos

291 798 331 861 In
348 805 477 860 tantum
496 815 555 877 spe
571 795 664 858 tollet
681 815 770 871 avos,
788 815 849 858 nec
869 796 1012 859 Romula
1028 796 1197 879 quondam

290 901 369 967 Ullo
387 919 422 963 se
438 909 567 963 tantum
585 899 683 962 tellus
699 899 834 962 iactabit
851 900 992 963 alumno.

291 1006 369 1068 Heu
386 1003 501 1086 pietas,
520 1003 585 1066 heu
602 1003 711 1084 prisca
729 1003 820 1079 fides,
837 1005 1025 1086 invictaque
1041 1004 1129 1068 bello

292 1109 436 1172 Dextra!
461 1128 527 1171 non
545 1107 591 1170 illi
607 1127 642 1169 se
660 1107 832 1190 quisquam
850 1108 985 1189 impune
1001 1109 1133 1186 tulisset

202 1226 251 1276 880
291 1212 421 1278 Obvius
437 1221 573 1287 armato,
592 1231 741 1274 seucum
760 1211 863 1293 pedes
878 1214 941 1275 iret
956 1212 989 1275 in
1007 1213 1148 1288 hostem,

292 1317 358 1382 Seu
375 1316 561 1398 spumantis
577 1317 654 1399 equi
672 1316 801 1379 foderet
818 1315 1000 1380 calcaribus
1017 1336 1137 1380 armos

293 1421 371 1484 Heu
389 1420 574 1483 miserande
591 1421 692 1502 puer!
718 1422 745 1483 si
762 1441 827 1502 qua
844 1419 913 1483 fata
931 1440 1050 1502 aspera
1065 1441 1212 1503 rumpas,

291 1526 344 1589 Tu
363 1525 543 1588 Marcellus
559 1524 633 1588 eris.
683 1525 840 1587 Manibus
858 1524 934 1587 date
950 1524 1016 1587 lilia
1032 1525 1151 1606 pleniS,

294 1631 481 1711 Purpureos
497 1649 655 1712 spargam
672 1629 779 1705 flores,
797 1629 1008 1711 animamque
1025 1631 1157 1711 nepotis

205 1744 253 1812 885
296 1734 361 1798 His
378 1735 494 1797 saltem
513 1733 718 1807 accumulem
736 1733 841 1808 donis,
859 1742 892 1796 et
907 1733 1031 1814 fungar
1046 1733 1138 1796 inani

296 1838 467 1902 Munere.''
515 1837 569 1901 Sic
586 1847 656 1900 tota
674 1839 797 1919 passim
815 1838 950 1918 regione
966 1847 1132 1918 vagantur

294 1942 393 2005 Ae'ris
410 1941 442 2004 in
460 1942 586 2023 campis
602 1941 687 2016 latis,
706 1950 805 2023 atque
822 1941 932 2004 omnia
949 1941 1099 2004 lustrant.

294 2046 390 2128 Quae
407 2055 584 2128 postquam
601 2046 769 2109 Anchises
787 2055 901 2108 natum
918 2065 978 2127 per
994 2045 1126 2145 singula
1142 2046 1244 2121 duxit,

296 2150 514 2231 incenditque
531 2150 677 2211 animum
695 2149 806 2212 famae
822 2149 986 2212 venientis
1003 2169 1124 2224 amore,

206 2265 255 2331 890
296 2253 380 2316 Exin
397 2252 484 2316 bella
499 2253 569 2316 viro
587 2263 747 2316 memorat
764 2273 849 2336 quae
865 2252 985 2342 deinde
1001 2253 1158 2335 gerenda,

296 2358 548 2439 Laurentesque
564 2358 662 2420 docet
679 2357 820 2439 populos
837 2356 1019 2439 urbemque
1037 2357 1159 2432 Latini,

296 2461 340 2524 Et
356 2482 422 2544 quo
438 2481 603 2543 quemque
620 2462 718 2524 modo
735 2460 909 2543 fugiatque
926 2460 1078 2544 feratque
1095 2461 1249 2525 laborem.

339 2668 425 2734 Sunt
440 2669 593 2750 geminae
610 2669 725 2734 Somni
743 2679 867 2751 portae,
885 2689 1024 2752 quarum
1042 2671 1145 2733 altera
1163 2671 1267 2733 fertur

294 2772 435 2848 Cornea,
453 2792 518 2854 qua
533 2773 621 2838 veris
638 2763 745 2836 facilis
762 2773 859 2835 datur
874 2772 982 2836 exitus
998 2773 1142 2850 umbris;

136 2944 143 2958 ⁸
207 2886 254 2953 895
297 2877 416 2940 Altera
432 2876 588 2939 candenti
605 2877 756 2958 perlecta
773 2878 882 2939 nitens
900 2877 1088 2958 elephanto,

295 2980 362 3046 Sed
380 2981 465 3043 falsa
481 2981 524 3043 ad
541 2981 668 3042 caelum
687 2980 822 3044 mittunt
838 2980 1002 3044 insomnia
1020 2983 1148 3045 Manes.

296 3085 361 3147 His
376 3083 421 3146 ibi
437 3094 506 3147 tum
525 3094 640 3147 natum
657 3084 826 3148 Anchises
843 3104 975 3166 unaque
993 3084 1155 3170 Sibyllam

295 3187 508 3270 Prosequitur
524 3188 629 3263 dictis,
649 3198 810 3270 portaque
827 3188 947 3251 emittit
963 3188 1099 3262 eburna,
1194 3199 1197 3204 ’

295 3291 356 3354 llle
372 3292 459 3354 viam
476 3302 567 3355 secat
583 3291 624 3353 ad
641 3311 744 3354 naves
760 3293 933 3374 sociosque
950 3292 1080 3366 revisit;

206 3421 254 3470 900
294 3395 380 3457 Tum
397 3415 433 3458 se
449 3395 491 3457 ad
509 3395 644 3459 Caietae
661 3406 751 3458 recto
768 3397 833 3459 tert
851 3396 944 3459 litore
961 3405 1104 3478 portum.

294 3498 430 3561 Ancora
446 3498 488 3561 de
505 3518 602 3580 prora
618 3498 752 3573 iacitur;
777 3508 866 3562 stant
883 3499 978 3564 litore
995 3521 1138 3583 puppes,
