<?xml version="1.0" encoding="UTF-8"?>
<!DOCTYPE html PUBLIC "-//W3C//DTD XHTML 1.0 Transitional//EN"
    "http://www.w3.org/TR/xhtml1/DTD/xhtml1-transitional.dtd">
<html xmlns="http://www.w3.org/1999/xhtml" xml:lang="en" lang="en">
 <head>
  <title>
</title>
<meta http-equiv="Content-Type" content="text/html;charset=utf-8" />
  <meta name='ocr-system' content='tesseract 3.04.00' />
  <meta name='ocr-capabilities' content='ocr_page ocr_carea ocr_par ocr_line ocrx_word'/>
</head>
<body>
  <div class='ocr_page' id='page_1' title='image "./virgilsaeneidbo00denngoog_0058.png"; bbox 0 0 2822 4294; ppageno 0'>
   <div class='ocr_carea' id='block_1_1' title="bbox 516 300 801 354">
    <p class='ocr_par' dir='ltr' id='par_1_1' title="bbox 516 300 801 354">
     <span class='ocr_line' id='line_1_1' title="bbox 516 300 801 354; baseline 0.011 -3"><span class='ocrx_word' id='word_1_1' title='bbox 516 300 628 352; x_wconf 91' lang='lat' dir='ltr'>LIBER</span> <span class='ocrx_word' id='word_1_2' title='bbox 655 301 801 354; x_wconf 90' lang='lat' dir='ltr'>PRIMUS</span> 
     </span>
    </p>
   </div>
   <div class='ocr_carea' id='block_1_2' title="bbox 104 479 1213 3900">
    <p class='ocr_par' dir='ltr' id='par_1_2' title="bbox 187 479 1065 656">
     <span class='ocr_line' id='line_1_2' title="bbox 187 479 1065 563; baseline 0.002 -21"><span class='ocrx_word' id='word_1_3' title='bbox 187 480 296 542; x_wconf 87' lang='lat' dir='ltr'><strong>Aerea</strong></span> <span class='ocrx_word' id='word_1_4' title='bbox 313 481 368 542; x_wconf 93' lang='lat' dir='ltr'><strong>cui</strong></span> <span class='ocrx_word' id='word_1_5' title='bbox 386 479 550 560; x_wconf 84' lang='lat' dir='ltr'>gradibus</span> <span class='ocrx_word' id='word_1_6' title='bbox 567 480 748 560; x_wconf 75' lang='lat' dir='ltr'><strong>surgebant</strong></span> <span class='ocrx_word' id='word_1_7' title='bbox 765 481 878 542; x_wconf 92' lang='lat' dir='ltr'><strong>limina</strong></span> <span class='ocrx_word' id='word_1_8' title='bbox 895 500 1065 563; x_wconf 84' lang='lat' dir='ltr'>nexaeque</span> 
     </span>
     <span class='ocr_line' id='line_1_3' title="bbox 188 581 973 656; baseline 0 -10"><span class='ocrx_word' id='word_1_9' title='bbox 188 587 275 646; x_wconf 86' lang='lat' dir='ltr'><strong>Aere</strong></span> <span class='ocrx_word' id='word_1_10' title='bbox 292 583 416 656; x_wconf 71' lang='lat' dir='ltr'><strong>trabes</strong></span> <span class='ocrx_word' id='word_1_11' title='bbox 436 581 565 645; x_wconf 85' lang='lat' dir='ltr'><strong>foribus</strong></span> <span class='ocrx_word' id='word_1_12' title='bbox 582 583 682 646; x_wconf 73' lang='lat' dir='ltr'><strong>cardi&gt;</strong></span> <span class='ocrx_word' id='word_1_13' title='bbox 700 585 858 646; x_wconf 73' lang='lat' dir='ltr'><strong>stridebat</strong></span> <span class='ocrx_word' id='word_1_14' title='bbox 875 593 973 646; x_wconf 76' lang='lat' dir='ltr'><strong>aenis</strong></span> 
     </span>
    </p>

    <p class='ocr_par' dir='ltr' id='par_1_3' title="bbox 109 679 1101 1187">
     <span class='ocr_line' id='line_1_4' title="bbox 109 679 1041 769; baseline 0.003 -21"><span class='ocrx_word' id='word_1_15' title='bbox 109 714 151 764; x_wconf 66' lang='lat'><strong>⁴50</strong></span> <span class='ocrx_word' id='word_1_16' title='bbox 191 689 263 750; x_wconf 70' lang='lat' dir='ltr'><strong>Hbc</strong></span> <span class='ocrx_word' id='word_1_17' title='bbox 282 697 430 769; x_wconf 92' lang='lat' dir='ltr'><strong>primum</strong></span> <span class='ocrx_word' id='word_1_18' title='bbox 448 687 482 748; x_wconf 95' lang='lat' dir='ltr'><strong>in</strong></span> <span class='ocrx_word' id='word_1_19' title='bbox 500 687 573 749; x_wconf 70' lang='lat' dir='ltr'><strong>lucu</strong></span> <span class='ocrx_word' id='word_1_20' title='bbox 590 707 675 749; x_wconf 88' lang='lat' dir='ltr'><strong>nova</strong></span> <span class='ocrx_word' id='word_1_21' title='bbox 692 695 744 750; x_wconf 73' lang='lat' dir='ltr'><strong>res</strong></span> <span class='ocrx_word' id='word_1_22' title='bbox 761 687 872 750; x_wconf 72' lang='lat' dir='ltr'><strong>oblata</strong></span> <span class='ocrx_word' id='word_1_23' title='bbox 889 679 1041 751; x_wconf 74' lang='lat' dir='ltr'><strong>¹timbrem</strong></span> 
     </span>
     <span class='ocr_line' id='line_1_5' title="bbox 191 791 1005 873; baseline 0 -19"><span class='ocrx_word' id='word_1_24' title='bbox 191 791 307 867; x_wconf 73' lang='lat' dir='ltr'><strong>Leniit,</strong></span> <span class='ocrx_word' id='word_1_25' title='bbox 326 793 382 854; x_wconf 95' lang='lat' dir='ltr'><strong>hic</strong></span> <span class='ocrx_word' id='word_1_26' title='bbox 401 791 545 873; x_wconf 89' lang='lat' dir='ltr'><strong>primuin</strong></span> <span class='ocrx_word' id='word_1_27' title='bbox 561 792 697 854; x_wconf 74' lang='lat' dir='ltr'><strong>Aeneas</strong></span> <span class='ocrx_word' id='word_1_28' title='bbox 714 799 847 872; x_wconf 72' lang='lat' dir='ltr'><strong>sperare</strong></span> <span class='ocrx_word' id='word_1_29' title='bbox 865 793 1005 856; x_wconf 81' lang='lat' dir='ltr'><strong>salutem</strong></span> 
     </span>
     <span class='ocr_line' id='line_1_6' title="bbox 190 895 962 960; baseline 0.003 -2"><span class='ocrx_word' id='word_1_30' title='bbox 190 897 303 959; x_wconf 86' lang='lat' dir='ltr'>Ausus</span> <span class='ocrx_word' id='word_1_31' title='bbox 320 905 355 958; x_wconf 92' lang='lat' dir='ltr'><strong>et</strong></span> <span class='ocrx_word' id='word_1_32' title='bbox 371 895 516 958; x_wconf 87' lang='lat' dir='ltr'><strong>adflictis</strong></span> <span class='ocrx_word' id='word_1_33' title='bbox 533 895 649 958; x_wconf 89' lang='lat' dir='ltr'><strong>melius</strong></span> <span class='ocrx_word' id='word_1_34' title='bbox 667 896 837 958; x_wconf 65' lang='lat' dir='ltr'><strong>confidere</strong></span> <span class='ocrx_word' id='word_1_35' title='bbox 854 898 962 960; x_wconf 74' lang='lat' dir='ltr'><strong>rebus.</strong></span> 
     </span>
     <span class='ocr_line' id='line_1_7' title="bbox 192 1000 1101 1083; baseline 0.003 -21"><span class='ocrx_word' id='word_1_36' title='bbox 192 1001 346 1082; x_wconf 87' lang='lat' dir='ltr'><strong>Namque</strong></span> <span class='ocrx_word' id='word_1_37' title='bbox 364 1000 427 1063; x_wconf 93' lang='lat' dir='ltr'><strong>sub</strong></span> <span class='ocrx_word' id='word_1_38' title='bbox 445 1000 572 1080; x_wconf 85' lang='lat' dir='ltr'>ingenti</span> <span class='ocrx_word' id='word_1_39' title='bbox 588 1001 706 1063; x_wconf 81' lang='lat' dir='ltr'><strong>lustrat</strong></span> <span class='ocrx_word' id='word_1_40' title='bbox 723 1001 801 1062; x_wconf 93' lang='lat' dir='ltr'><strong>dum</strong></span> <span class='ocrx_word' id='word_1_41' title='bbox 820 1001 950 1082; x_wconf 81' lang='lat' dir='ltr'><strong>singula</strong></span> <span class='ocrx_word' id='word_1_42' title='bbox 966 1003 1101 1083; x_wconf 71' lang='lat' dir='ltr'><strong>templi),</strong></span> 
     </span>
     <span class='ocr_line' id='line_1_8' title="bbox 192 1104 1097 1187; baseline 0.001 -21"><span class='ocrx_word' id='word_1_43' title='bbox 192 1107 356 1185; x_wconf 72' lang='lat' dir='ltr'><strong>Reginam</strong></span> <span class='ocrx_word' id='word_1_44' title='bbox 374 1104 563 1186; x_wconf 71' lang='lat' dir='ltr'><strong>opperiens</strong></span> <span class='ocrx_word' id='word_1_45' title='bbox 581 1105 669 1180; x_wconf 92' lang='lat' dir='ltr'><strong>dum,</strong></span> <span class='ocrx_word' id='word_1_46' title='bbox 689 1125 774 1187; x_wconf 86' lang='lat' dir='ltr'><strong>quae</strong></span> <span class='ocrx_word' id='word_1_47' title='bbox 793 1107 939 1168; x_wconf 82' lang='lat' dir='ltr'><strong>Fortuna</strong></span> <span class='ocrx_word' id='word_1_48' title='bbox 957 1106 998 1168; x_wconf 91' lang='lat' dir='ltr'><strong>sit</strong></span> <span class='ocrx_word' id='word_1_49' title='bbox 1015 1107 1097 1181; x_wconf 93' lang='lat' dir='ltr'><strong>urbi,</strong></span> 
     </span>
    </p>

    <p class='ocr_par' dir='ltr' id='par_1_4' title="bbox 108 1209 1114 1395">
     <span class='ocr_line' id='line_1_9' title="bbox 108 1209 1114 1292; baseline 0.003 -22"><span class='ocrx_word' id='word_1_50' title='bbox 108 1236 152 1287; x_wconf 79' lang='lat'><strong>455</strong></span> <span class='ocrx_word' id='word_1_51' title='bbox 191 1210 438 1291; x_wconf 79' lang='lat' dir='ltr'><strong>Artificumque</strong></span> <span class='ocrx_word' id='word_1_52' title='bbox 456 1217 574 1272; x_wconf 85' lang='lat' dir='ltr'><strong>mamis</strong></span> <span class='ocrx_word' id='word_1_53' title='bbox 590 1209 675 1272; x_wconf 86' lang='lat' dir='ltr'><strong>inter</strong></span> <span class='ocrx_word' id='word_1_54' title='bbox 693 1217 728 1271; x_wconf 73' lang='lat' dir='ltr'><strong>se</strong></span> <span class='ocrx_word' id='word_1_55' title='bbox 745 1231 950 1292; x_wconf 90' lang='lat' dir='ltr'><strong>operumque</strong></span> <span class='ocrx_word' id='word_1_56' title='bbox 968 1211 1114 1274; x_wconf 73' lang='lat' dir='ltr'><strong>labbrem</strong></span> 
     </span>
     <span class='ocr_line' id='line_1_10' title="bbox 192 1301 925 1395; baseline 0.001 -20"><span class='ocrx_word' id='word_1_57' title='bbox 192 1315 341 1390; x_wconf 70' lang='lat' dir='ltr'><strong>Miratur,</strong></span> <span class='ocrx_word' id='word_1_58' title='bbox 359 1314 452 1376; x_wconf 87' lang='lat' dir='ltr'><strong>videt</strong></span> <span class='ocrx_word' id='word_1_59' title='bbox 469 1301 588 1376; x_wconf 76' lang='lat' dir='ltr'><strong>iliacas</strong></span> <span class='ocrx_word' id='word_1_60' title='bbox 606 1334 645 1376; x_wconf 88' lang='lat' dir='ltr'><strong>ex</strong></span> <span class='ocrx_word' id='word_1_61' title='bbox 662 1314 776 1376; x_wconf 76' lang='lat' dir='ltr'><strong>brdine</strong></span> <span class='ocrx_word' id='word_1_62' title='bbox 794 1321 925 1395; x_wconf 77' lang='lat' dir='ltr'><strong>pugnas</strong></span> 
     </span>
    </p>

    <p class='ocr_par' dir='ltr' id='par_1_5' title="bbox 106 1413 1207 1710">
     <span class='ocr_line' id='line_1_11' title="bbox 106 1413 1097 1500; baseline 0.001 -21"><span class='ocrx_word' id='word_1_63' title='bbox 106 1423 108 1428; x_wconf 82' lang='grc'>’</span> <span class='ocrx_word' id='word_1_64' title='bbox 193 1419 351 1500; x_wconf 84' lang='lat' dir='ltr'><strong>Bellaque</strong></span> <span class='ocrx_word' id='word_1_65' title='bbox 369 1419 434 1481; x_wconf 90' lang='lat' dir='ltr'><strong>iam</strong></span> <span class='ocrx_word' id='word_1_66' title='bbox 452 1419 542 1480; x_wconf 74' lang='lat' dir='ltr'><strong>fama</strong></span> <span class='ocrx_word' id='word_1_67' title='bbox 559 1426 664 1482; x_wconf 69' lang='lat' dir='ltr'><strong>tutum</strong></span> <span class='ocrx_word' id='word_1_68' title='bbox 681 1419 817 1500; x_wconf 69' lang='lat' dir='ltr'><strong>vulgata</strong></span> <span class='ocrx_word' id='word_1_69' title='bbox 835 1439 894 1499; x_wconf 89' lang='lat' dir='ltr'><strong>per</strong></span> <span class='ocrx_word' id='word_1_70' title='bbox 910 1420 1032 1495; x_wconf 86' lang='lat' dir='ltr'><strong>orbem,</strong></span> <span class='ocrx_word' id='word_1_71' title='bbox 1091 1413 1097 1424; x_wconf 63' lang='lat'>⁸</span> 
     </span>
     <span class='ocr_line' id='line_1_12' title="bbox 191 1522 1175 1604; baseline 0.003 -20"><span class='ocrx_word' id='word_1_72' title='bbox 191 1522 338 1598; x_wconf 76' lang='lat' dir='ltr'><strong>Atridas,</strong></span> <span class='ocrx_word' id='word_1_73' title='bbox 358 1523 600 1604; x_wconf 85' lang='lat' dir='ltr'>Priamumque,</span> <span class='ocrx_word' id='word_1_74' title='bbox 618 1533 651 1585; x_wconf 92' lang='lat' dir='ltr'><strong>et</strong></span> <span class='ocrx_word' id='word_1_75' title='bbox 668 1543 804 1585; x_wconf 86' lang='lat' dir='ltr'><strong>saevum</strong></span> <span class='ocrx_word' id='word_1_76' title='bbox 821 1523 982 1586; x_wconf 73' lang='lat' dir='ltr'><strong>ambbbus</strong></span> <span class='ocrx_word' id='word_1_77' title='bbox 999 1524 1175 1587; x_wconf 89' lang='lat' dir='ltr'><strong>Achillem.</strong></span> 
     </span>
     <span class='ocr_line' id='line_1_13' title="bbox 192 1623 1207 1710; baseline 0.002 -22"><span class='ocrx_word' id='word_1_78' title='bbox 192 1623 1207 1710; x_wconf 63' lang='lat' dir='ltr'><strong>Constititetlacrimans“.Quisiamiocus‚‘&#39;inquit‚“Achate‚</strong></span> 
     </span>
    </p>

    <p class='ocr_par' dir='ltr' id='par_1_6' title="bbox 106 1730 1186 2230">
     <span class='ocr_line' id='line_1_14' title="bbox 106 1730 1042 1812; baseline 0.002 -20"><span class='ocrx_word' id='word_1_79' title='bbox 106 1743 152 1802; x_wconf 80' lang='lat'><strong>460</strong></span> <span class='ocrx_word' id='word_1_80' title='bbox 193 1730 290 1811; x_wconf 84' lang='lat' dir='ltr'><strong>Quae</strong></span> <span class='ocrx_word' id='word_1_81' title='bbox 308 1731 400 1812; x_wconf 77' lang='lat' dir='ltr'><strong>regib</strong></span> <span class='ocrx_word' id='word_1_82' title='bbox 417 1732 449 1792; x_wconf 95' lang='lat' dir='ltr'><strong>in</strong></span> <span class='ocrx_word' id='word_1_83' title='bbox 467 1740 562 1794; x_wconf 90' lang='lat' dir='ltr'><strong>terris</strong></span> <span class='ocrx_word' id='word_1_84' title='bbox 579 1741 684 1794; x_wconf 91' lang='lat' dir='ltr'><strong>nostri</strong></span> <span class='ocrx_word' id='word_1_85' title='bbox 700 1739 766 1792; x_wconf 71' lang='lat' dir='ltr'><strong>nun</strong></span> <span class='ocrx_word' id='word_1_86' title='bbox 784 1732 884 1812; x_wconf 77' lang='lat' dir='ltr'><strong>plena</strong></span> <span class='ocrx_word' id='word_1_87' title='bbox 901 1731 1042 1794; x_wconf 65' lang='lat' dir='ltr'><strong>labaris?</strong></span> 
     </span>
     <span class='ocr_line' id='line_1_15' title="bbox 194 1821 1117 1916; baseline 0.003 -20"><span class='ocrx_word' id='word_1_88' title='bbox 194 1821 247 1896; x_wconf 71' lang='lat' dir='ltr'><strong>&#39;En</strong></span> <span class='ocrx_word' id='word_1_89' title='bbox 266 1835 433 1898; x_wconf 85' lang='lat' dir='ltr'>Priamus!</span> <span class='ocrx_word' id='word_1_90' title='bbox 483 1835 568 1898; x_wconf 86' lang='lat' dir='ltr'><strong>Sunt</strong></span> <span class='ocrx_word' id='word_1_91' title='bbox 584 1836 637 1898; x_wconf 92' lang='lat' dir='ltr'><strong>hic</strong></span> <span class='ocrx_word' id='word_1_92' title='bbox 655 1835 753 1897; x_wconf 86' lang='lat' dir='ltr'><strong>etiam</strong></span> <span class='ocrx_word' id='word_1_93' title='bbox 771 1856 831 1898; x_wconf 91' lang='lat' dir='ltr'><strong>sua</strong></span> <span class='ocrx_word' id='word_1_94' title='bbox 848 1836 994 1916; x_wconf 90' lang='lat' dir='ltr'><strong>praemia</strong></span> <span class='ocrx_word' id='word_1_95' title='bbox 1012 1837 1117 1911; x_wconf 83' lang='lat' dir='ltr'><strong>laudi;</strong></span> 
     </span>
     <span class='ocr_line' id='line_1_16' title="bbox 194 1938 1126 2021; baseline 0.001 -20"><span class='ocrx_word' id='word_1_96' title='bbox 194 1938 280 2001; x_wconf 90' lang='lat' dir='ltr'><strong>Sunt</strong></span> <span class='ocrx_word' id='word_1_97' title='bbox 297 1940 452 2002; x_wconf 84' lang='lat' dir='ltr'><strong>lacrimae</strong></span> <span class='ocrx_word' id='word_1_98' title='bbox 469 1947 577 2002; x_wconf 71' lang='lat' dir='ltr'><strong>rerum</strong></span> <span class='ocrx_word' id='word_1_99' title='bbox 594 1951 627 2002; x_wconf 90' lang='lat' dir='ltr'><strong>et</strong></span> <span class='ocrx_word' id='word_1_100' title='bbox 644 1950 789 2002; x_wconf 88' lang='lat' dir='ltr'><strong>mentem</strong></span> <span class='ocrx_word' id='word_1_101' title='bbox 803 1941 959 2002; x_wconf 73' lang='lat' dir='ltr'><strong>mortalia</strong></span> <span class='ocrx_word' id='word_1_102' title='bbox 976 1951 1126 2021; x_wconf 87' lang='lat' dir='ltr'><strong>tangunt.</strong></span> 
     </span>
     <span class='ocr_line' id='line_1_17' title="bbox 195 2042 1186 2125; baseline 0.002 -21"><span class='ocrx_word' id='word_1_103' title='bbox 195 2042 293 2105; x_wconf 86' lang='lat' dir='ltr'><strong>Solve</strong></span> <span class='ocrx_word' id='word_1_104' title='bbox 312 2051 436 2120; x_wconf 82' lang='lat' dir='ltr'><strong>metirs;</strong></span> <span class='ocrx_word' id='word_1_105' title='bbox 462 2044 548 2106; x_wconf 86' lang='lat' dir='ltr'><strong>feret</strong></span> <span class='ocrx_word' id='word_1_106' title='bbox 565 2044 647 2106; x_wconf 86' lang='lat' dir='ltr'><strong>haec</strong></span> <span class='ocrx_word' id='word_1_107' title='bbox 665 2044 809 2125; x_wconf 85' lang='lat' dir='ltr'><strong>aliquam</strong></span> <span class='ocrx_word' id='word_1_108' title='bbox 827 2045 885 2107; x_wconf 89' lang='lat' dir='ltr'><strong>tibi</strong></span> <span class='ocrx_word' id='word_1_109' title='bbox 903 2046 994 2106; x_wconf 80' lang='lat' dir='ltr'><strong>fama</strong></span> <span class='ocrx_word' id='word_1_110' title='bbox 1010 2045 1186 2108; x_wconf 79' lang='lat' dir='ltr'><strong>salutem.&#39;’</strong></span> 
     </span>
     <span class='ocr_line' id='line_1_18' title="bbox 195 2147 986 2230; baseline 0 -21"><span class='ocrx_word' id='word_1_111' title='bbox 195 2147 249 2210; x_wconf 84' lang='lat' dir='ltr'><strong>Sic</strong></span> <span class='ocrx_word' id='word_1_112' title='bbox 266 2148 320 2223; x_wconf 88' lang='lat' dir='ltr'><strong>ait,</strong></span> <span class='ocrx_word' id='word_1_113' title='bbox 338 2158 438 2230; x_wconf 84' lang='lat' dir='ltr'><strong>atque</strong></span> <span class='ocrx_word' id='word_1_114' title='bbox 455 2149 601 2210; x_wconf 89' lang='lat' dir='ltr'><strong>animum</strong></span> <span class='ocrx_word' id='word_1_115' title='bbox 619 2155 748 2230; x_wconf 78' lang='lat' dir='ltr'><strong>pictura</strong></span> <span class='ocrx_word' id='word_1_116' title='bbox 765 2149 871 2229; x_wconf 78' lang='lat' dir='ltr'><strong>pascit</strong></span> <span class='ocrx_word' id='word_1_117' title='bbox 888 2149 986 2221; x_wconf 76' lang='lat' dir='ltr'><strong>inani,</strong></span> 
     </span>
    </p>

    <p class='ocr_par' dir='ltr' id='par_1_7' title="bbox 105 2252 1117 2438">
     <span class='ocr_line' id='line_1_19' title="bbox 105 2252 1117 2334; baseline 0.003 -22"><span class='ocrx_word' id='word_1_118' title='bbox 105 2263 151 2328; x_wconf 82' lang='lat'><strong>465</strong></span> <span class='ocrx_word' id='word_1_119' title='bbox 197 2252 303 2314; x_wconf 88' lang='lat' dir='ltr'><strong>Multa</strong></span> <span class='ocrx_word' id='word_1_120' title='bbox 320 2260 467 2334; x_wconf 71' lang='lat' dir='ltr'><strong>gemens,</strong></span> <span class='ocrx_word' id='word_1_121' title='bbox 487 2253 646 2334; x_wconf 71' lang='lat' dir='ltr'><strong>largaque</strong></span> <span class='ocrx_word' id='word_1_122' title='bbox 664 2260 811 2315; x_wconf 84' lang='lat' dir='ltr'><strong>umectat</strong></span> <span class='ocrx_word' id='word_1_123' title='bbox 827 2252 964 2316; x_wconf 81' lang='lat' dir='ltr'><strong>flumine</strong></span> <span class='ocrx_word' id='word_1_124' title='bbox 980 2254 1117 2316; x_wconf 92' lang='lat' dir='ltr'><strong>vultum.</strong></span> 
     </span>
     <span class='ocr_line' id='line_1_20' title="bbox 197 2356 1077 2438; baseline 0.002 -22"><span class='ocrx_word' id='word_1_125' title='bbox 197 2356 350 2438; x_wconf 89' lang='lat' dir='ltr'><strong>Namque</strong></span> <span class='ocrx_word' id='word_1_126' title='bbox 367 2357 509 2432; x_wconf 79' lang='lat' dir='ltr'><strong>videbat,</strong></span> <span class='ocrx_word' id='word_1_127' title='bbox 529 2367 577 2419; x_wconf 92' lang='lat' dir='ltr'><strong>uti</strong></span> <span class='ocrx_word' id='word_1_128' title='bbox 593 2357 757 2419; x_wconf 75' lang='lat' dir='ltr'><strong>bellantes</strong></span> <span class='ocrx_word' id='word_1_129' title='bbox 775 2358 937 2437; x_wconf 83' lang='lat' dir='ltr'><strong>Pergama</strong></span> <span class='ocrx_word' id='word_1_130' title='bbox 954 2359 1077 2420; x_wconf 89' lang='lat' dir='ltr'><strong>circum</strong></span> 
     </span>
    </p>

    <p class='ocr_par' dir='ltr' id='par_1_8' title="bbox 159 2455 1077 2543">
     <span class='ocr_line' id='line_1_21' title="bbox 159 2455 1077 2543; baseline 0.004 -23"><span class='ocrx_word' id='word_1_131' title='bbox 159 2455 162 2464; x_wconf 85' lang='lat'>&#39;</span> <span class='ocrx_word' id='word_1_132' title='bbox 196 2461 271 2521; x_wconf 72' lang='lat' dir='ltr'><strong>Hic</strong></span> <span class='ocrx_word' id='word_1_133' title='bbox 289 2462 445 2542; x_wconf 84' lang='lat' dir='ltr'><strong>fugerent</strong></span> <span class='ocrx_word' id='word_1_134' title='bbox 465 2462 553 2537; x_wconf 73' lang='lat' dir='ltr'><strong>Graii,</strong></span> <span class='ocrx_word' id='word_1_135' title='bbox 572 2472 737 2543; x_wconf 86' lang='lat' dir='ltr'><strong>premeret</strong></span> <span class='ocrx_word' id='word_1_136' title='bbox 753 2455 898 2524; x_wconf 71' lang='lat' dir='ltr'><strong>Trbiana</strong></span> <span class='ocrx_word' id='word_1_137' title='bbox 914 2462 1077 2537; x_wconf 82' lang='lat' dir='ltr'><strong>iuventus,</strong></span> 
     </span>
    </p>

    <p class='ocr_par' dir='ltr' id='par_1_9' title="bbox 195 2564 1068 2750">
     <span class='ocr_line' id='line_1_22' title="bbox 195 2564 1068 2650; baseline 0.003 -25"><span class='ocrx_word' id='word_1_138' title='bbox 195 2564 271 2627; x_wconf 71' lang='lat' dir='ltr'><strong>Hic</strong></span> <span class='ocrx_word' id='word_1_139' title='bbox 289 2567 449 2650; x_wconf 85' lang='lat' dir='ltr'><strong>Phryges,</strong></span> <span class='ocrx_word' id='word_1_140' title='bbox 467 2573 605 2629; x_wconf 72' lang='lat' dir='ltr'><strong>instaret</strong></span> <span class='ocrx_word' id='word_1_141' title='bbox 623 2575 720 2629; x_wconf 82' lang='lat' dir='ltr'><strong>curru</strong></span> <span class='ocrx_word' id='word_1_142' title='bbox 739 2567 893 2629; x_wconf 75' lang='lat' dir='ltr'><strong>cristatus</strong></span> <span class='ocrx_word' id='word_1_143' title='bbox 909 2567 1068 2629; x_wconf 74' lang='lat' dir='ltr'><strong>Achilles.</strong></span> 
     </span>
     <span class='ocr_line' id='line_1_23' title="bbox 200 2669 1010 2750; baseline 0.002 -18"><span class='ocrx_word' id='word_1_144' title='bbox 200 2671 272 2732; x_wconf 90' lang='lat' dir='ltr'><strong>Nec</strong></span> <span class='ocrx_word' id='word_1_145' title='bbox 289 2671 405 2750; x_wconf 86' lang='lat' dir='ltr'><strong>procul</strong></span> <span class='ocrx_word' id='word_1_146' title='bbox 437 2669 512 2732; x_wconf 91' lang='lat' dir='ltr'><strong>hinc</strong></span> <span class='ocrx_word' id='word_1_147' title='bbox 532 2671 636 2732; x_wconf 77' lang='lat' dir='ltr'><strong>Rhesi</strong></span> <span class='ocrx_word' id='word_1_148' title='bbox 652 2671 756 2733; x_wconf 87' lang='lat' dir='ltr'><strong>niveis</strong></span> <span class='ocrx_word' id='word_1_149' title='bbox 772 2672 913 2733; x_wconf 71' lang='lat' dir='ltr'><strong>tenthria</strong></span> <span class='ocrx_word' id='word_1_150' title='bbox 929 2672 1010 2734; x_wconf 74' lang='lat' dir='ltr'><strong>velis</strong></span> 
     </span>
    </p>

    <p class='ocr_par' dir='ltr' id='par_1_10' title="bbox 104 2775 1125 3273">
     <span class='ocr_line' id='line_1_24' title="bbox 104 2775 1092 2858; baseline -0.001 -21"><span class='ocrx_word' id='word_1_151' title='bbox 104 2803 152 2848; x_wconf 85' lang='lat'><strong>470</strong></span> <span class='ocrx_word' id='word_1_152' title='bbox 195 2775 384 2854; x_wconf 72' lang='lat' dir='ltr'><strong>Adgnbscit</strong></span> <span class='ocrx_word' id='word_1_153' title='bbox 400 2775 585 2850; x_wconf 74' lang='lat' dir='ltr'><strong>lacrimans,</strong></span> <span class='ocrx_word' id='word_1_154' title='bbox 604 2783 710 2856; x_wconf 67' lang='lat' dir='ltr'><strong>primi)</strong></span> <span class='ocrx_word' id='word_1_155' title='bbox 726 2795 811 2858; x_wconf 86' lang='lat' dir='ltr'><strong>quae</strong></span> <span class='ocrx_word' id='word_1_156' title='bbox 829 2775 958 2856; x_wconf 73' lang='lat' dir='ltr'><strong>prbdita</strong></span> <span class='ocrx_word' id='word_1_157' title='bbox 975 2783 1092 2838; x_wconf 76' lang='lat' dir='ltr'><strong>somni&gt;</strong></span> 
     </span>
     <span class='ocr_line' id='line_1_25' title="bbox 195 2879 935 2962; baseline 0.001 -21"><span class='ocrx_word' id='word_1_158' title='bbox 195 2879 341 2962; x_wconf 73' lang='lat' dir='ltr'><strong>Tydides</strong></span> <span class='ocrx_word' id='word_1_159' title='bbox 359 2879 462 2941; x_wconf 74' lang='lat' dir='ltr'><strong>multa</strong></span> <span class='ocrx_word' id='word_1_160' title='bbox 478 2880 631 2942; x_wconf 74' lang='lat' dir='ltr'><strong>vastabat</strong></span> <span class='ocrx_word' id='word_1_161' title='bbox 648 2880 749 2942; x_wconf 86' lang='lat' dir='ltr'><strong>caede</strong></span> <span class='ocrx_word' id='word_1_162' title='bbox 767 2889 935 2954; x_wconf 69' lang='lat' dir='ltr'><strong>cruentus</strong></span> 
     </span>
     <span class='ocr_line' id='line_1_26' title="bbox 194 2969 1125 3066; baseline -0.002 -20"><span class='ocrx_word' id='word_1_163' title='bbox 194 2969 430 3065; x_wconf 54' lang='lat' dir='ltr'><strong>Ardentesque</strong></span> <span class='ocrx_word' id='word_1_164' title='bbox 446 2986 565 3046; x_wconf 76' lang='lat' dir='ltr'><strong>avertit</strong></span> <span class='ocrx_word' id='word_1_165' title='bbox 582 2992 685 3066; x_wconf 70' lang='lat' dir='ltr'><strong>equus</strong></span> <span class='ocrx_word' id='word_1_166' title='bbox 703 2983 736 3045; x_wconf 93' lang='lat' dir='ltr'><strong>in</strong></span> <span class='ocrx_word' id='word_1_167' title='bbox 754 2994 872 3059; x_wconf 87' lang='lat' dir='ltr'><strong>castra,</strong></span> <span class='ocrx_word' id='word_1_168' title='bbox 891 2985 1098 3066; x_wconf 90' lang='lat' dir='ltr'><strong>priusquam</strong></span> <span class='ocrx_word' id='word_1_169' title='bbox 1121 3003 1125 3011; x_wconf 94' lang='lat'>·</span> 
     </span>
     <span class='ocr_line' id='line_1_27' title="bbox 195 3087 1110 3170; baseline 0 -20"><span class='ocrx_word' id='word_1_170' title='bbox 195 3087 318 3150; x_wconf 69' lang='lat' dir='ltr'><strong>Pabula</strong></span> <span class='ocrx_word' id='word_1_171' title='bbox 334 3095 529 3168; x_wconf 69' lang='lat' dir='ltr'><strong>gustassent</strong></span> <span class='ocrx_word' id='word_1_172' title='bbox 545 3089 665 3152; x_wconf 74' lang='lat' dir='ltr'><strong>Tibiae</strong></span> <span class='ocrx_word' id='word_1_173' title='bbox 683 3089 923 3170; x_wconf 86' lang='lat' dir='ltr'><strong>Xanthumque</strong></span> <span class='ocrx_word' id='word_1_174' title='bbox 940 3088 1110 3150; x_wconf 92' lang='lat' dir='ltr'><strong>bibissent.</strong></span> 
     </span>
     <span class='ocr_line' id='line_1_28' title="bbox 195 3183 1077 3273; baseline 0 -19"><span class='ocrx_word' id='word_1_175' title='bbox 195 3194 291 3255; x_wconf 90' lang='lat' dir='ltr'><strong>Parte</strong></span> <span class='ocrx_word' id='word_1_176' title='bbox 308 3194 372 3254; x_wconf 80' lang='lat' dir='ltr'><strong>alia</strong></span> <span class='ocrx_word' id='word_1_177' title='bbox 389 3193 522 3273; x_wconf 74' lang='lat' dir='ltr'><strong>fugiens</strong></span> <span class='ocrx_word' id='word_1_178' title='bbox 538 3195 667 3270; x_wconf 69' lang='lat' dir='ltr'><strong>amissis</strong></span> <span class='ocrx_word' id='word_1_179' title='bbox 685 3192 816 3255; x_wconf 74' lang='lat' dir='ltr'><strong>Trbilus</strong></span> <span class='ocrx_word' id='word_1_180' title='bbox 833 3202 940 3267; x_wconf 70' lang='lat' dir='ltr'><strong>armis</strong></span> <span class='ocrx_word' id='word_1_181' title='bbox 1075 3183 1077 3188; x_wconf 39' lang='lat'><strong><em>¹</em></strong></span> 
     </span>
    </p>

    <p class='ocr_par' dir='ltr' id='par_1_11' title="bbox 104 3283 1213 3796">
     <span class='ocr_line' id='line_1_29' title="bbox 104 3283 1023 3380; baseline -0.001 -21"><span class='ocrx_word' id='word_1_182' title='bbox 104 3322 150 3375; x_wconf 83' lang='lat'><strong>475</strong></span> <span class='ocrx_word' id='word_1_183' title='bbox 194 3283 315 3360; x_wconf 74' lang='lat' dir='ltr'><strong>lnfelix</strong></span> <span class='ocrx_word' id='word_1_184' title='bbox 332 3317 416 3378; x_wconf 89' lang='lat' dir='ltr'><strong>puer</strong></span> <span class='ocrx_word' id='word_1_185' title='bbox 432 3309 531 3380; x_wconf 88' lang='lat' dir='ltr'><strong>atque</strong></span> <span class='ocrx_word' id='word_1_186' title='bbox 548 3300 656 3379; x_wconf 72' lang='lat' dir='ltr'><strong>impar</strong></span> <span class='ocrx_word' id='word_1_187' title='bbox 672 3317 874 3378; x_wconf 84' lang='lat' dir='ltr'><strong>congressus</strong></span> <span class='ocrx_word' id='word_1_188' title='bbox 891 3298 1023 3372; x_wconf 87' lang='lat' dir='ltr'><strong>Achilli,</strong></span> 
     </span>
     <span class='ocr_line' id='line_1_30' title="bbox 194 3401 1054 3488; baseline -0.001 -25"><span class='ocrx_word' id='word_1_189' title='bbox 194 3402 313 3488; x_wconf 89' lang='lat' dir='ltr'><strong>Fertur</strong></span> <span class='ocrx_word' id='word_1_190' title='bbox 330 3411 431 3484; x_wconf 71' lang='lat' dir='ltr'><strong>equis</strong></span> <span class='ocrx_word' id='word_1_191' title='bbox 450 3409 614 3484; x_wconf 78' lang='lat' dir='ltr'><strong>curruque</strong></span> <span class='ocrx_word' id='word_1_192' title='bbox 632 3404 745 3466; x_wconf 87' lang='lat' dir='ltr'><strong>haeret</strong></span> <span class='ocrx_word' id='word_1_193' title='bbox 762 3411 939 3483; x_wconf 85' lang='lat' dir='ltr'><strong>resupinus</strong></span> <span class='ocrx_word' id='word_1_194' title='bbox 955 3401 1054 3476; x_wconf 73' lang='lat' dir='ltr'><strong>inani,</strong></span> 
     </span>
     <span class='ocr_line' id='line_1_31' title="bbox 195 3506 1213 3589; baseline -0.002 -21"><span class='ocrx_word' id='word_1_195' title='bbox 195 3507 281 3568; x_wconf 71' lang='lat' dir='ltr'><strong>Lura</strong></span> <span class='ocrx_word' id='word_1_196' title='bbox 292 3513 411 3570; x_wconf 72' lang='lat' dir='ltr'><strong>tenens</strong></span> <span class='ocrx_word' id='word_1_197' title='bbox 422 3517 548 3583; x_wconf 89' lang='lat' dir='ltr'><strong>tamen;</strong></span> <span class='ocrx_word' id='word_1_198' title='bbox 569 3507 644 3570; x_wconf 92' lang='lat' dir='ltr'><strong>huic</strong></span> <span class='ocrx_word' id='word_1_199' title='bbox 655 3516 831 3589; x_wconf 88' lang='lat' dir='ltr'><strong>cervixque</strong></span> <span class='ocrx_word' id='word_1_200' title='bbox 843 3526 1025 3588; x_wconf 88' lang='lat' dir='ltr'><strong>comaeque</strong></span> <span class='ocrx_word' id='word_1_201' title='bbox 1036 3506 1213 3568; x_wconf 88' lang='lat' dir='ltr'><strong>trahuntur</strong></span> 
     </span>
     <span class='ocr_line' id='line_1_32' title="bbox 194 3611 1021 3692; baseline -0.002 -18"><span class='ocrx_word' id='word_1_202' title='bbox 194 3612 255 3674; x_wconf 88' lang='lat' dir='ltr'><strong>Per</strong></span> <span class='ocrx_word' id='word_1_203' title='bbox 272 3621 403 3686; x_wconf 87' lang='lat' dir='ltr'><strong>terram,</strong></span> <span class='ocrx_word' id='word_1_204' title='bbox 422 3621 455 3674; x_wconf 94' lang='lat' dir='ltr'><strong>et</strong></span> <span class='ocrx_word' id='word_1_205' title='bbox 471 3617 567 3674; x_wconf 76' lang='lat' dir='ltr'><strong>versa</strong></span> <span class='ocrx_word' id='word_1_206' title='bbox 585 3612 692 3692; x_wconf 89' lang='lat' dir='ltr'><strong>pulvis</strong></span> <span class='ocrx_word' id='word_1_207' title='bbox 710 3611 899 3674; x_wconf 82' lang='lat' dir='ltr'><strong>inscribitur</strong></span> <span class='ocrx_word' id='word_1_208' title='bbox 916 3612 1021 3673; x_wconf 74' lang='lat' dir='ltr'><strong>hasta.</strong></span> 
     </span>
     <span class='ocr_line' id='line_1_33' title="bbox 194 3715 1067 3796; baseline -0.001 -19"><span class='ocrx_word' id='word_1_209' title='bbox 194 3716 327 3778; x_wconf 72' lang='lat' dir='ltr'><strong>Interea</strong></span> <span class='ocrx_word' id='word_1_210' title='bbox 346 3715 388 3776; x_wconf 91' lang='lat' dir='ltr'><strong>ad</strong></span> <span class='ocrx_word' id='word_1_211' title='bbox 405 3715 565 3796; x_wconf 89' lang='lat' dir='ltr'><strong>templum</strong></span> <span class='ocrx_word' id='word_1_212' title='bbox 584 3723 650 3777; x_wconf 74' lang='lat' dir='ltr'><strong>nim</strong></span> <span class='ocrx_word' id='word_1_213' title='bbox 668 3735 794 3795; x_wconf 85' lang='lat' dir='ltr'><strong>aequae</strong></span> <span class='ocrx_word' id='word_1_214' title='bbox 815 3715 957 3776; x_wconf 89' lang='lat' dir='ltr'><strong>Palladis</strong></span> <span class='ocrx_word' id='word_1_215' title='bbox 975 3715 1067 3776; x_wconf 89' lang='lat' dir='ltr'><strong>ibant</strong></span> 
     </span>
    </p>

    <p class='ocr_par' dir='ltr' id='par_1_12' title="bbox 105 3804 1013 3900">
     <span class='ocr_line' id='line_1_34' title="bbox 105 3804 1013 3900; baseline -0.004 -18"><span class='ocrx_word' id='word_1_216' title='bbox 105 3833 151 3894; x_wconf 84' lang='lat'><strong>480</strong></span> <span class='ocrx_word' id='word_1_217' title='bbox 193 3819 349 3884; x_wconf 88' lang='lat' dir='ltr'><strong>Crinibus</strong></span> <span class='ocrx_word' id='word_1_218' title='bbox 368 3804 489 3881; x_wconf 87' lang='lat' dir='ltr'><strong>lliades</strong></span> <span class='ocrx_word' id='word_1_219' title='bbox 508 3828 614 3900; x_wconf 88' lang='lat' dir='ltr'><strong>passis</strong></span> <span class='ocrx_word' id='word_1_220' title='bbox 632 3819 834 3899; x_wconf 89' lang='lat' dir='ltr'><strong>peplumque</strong></span> <span class='ocrx_word' id='word_1_221' title='bbox 851 3818 1013 3892; x_wconf 77' lang='lat' dir='ltr'><strong>ferebant,</strong></span> 
     </span>
    </p>
   </div>
   <div class='ocr_carea' id='block_1_3' title="bbox 0 0 1421 4294">
    <p class='ocr_par' dir='ltr' id='par_1_13' title="bbox 0 0 1421 4294">
     <span class='ocr_line' id='line_1_35' title="bbox 0 0 1421 4294; baseline 0 0"><span class='ocrx_word' id='word_1_222' title='bbox 0 0 1421 4294; x_wconf 95' lang='lat' dir='ltr'><strong> </strong></span> 
     </span>
    </p>
   </div>
  </div>
 </body>
</html>
