2816 4282
473 310 591 362 uranu
617 309 791 364 oucuuus
837 317 840 324 Δ
1123 317 1181 382 271

156 487 173 514 ‘⁴
182 483 324 565 Aspice,
343 508 431 550 num
449 507 549 568 mage
566 488 607 550 sit
623 498 774 550 nostrum
792 486 997 568 penetrabile
1013 486 1148 550 telum.'’

155 587 312 667 Dixerat;
341 602 380 654 at
397 592 554 673 clipeum,
572 601 621 654 tot
637 591 716 654 ferri
732 600 838 672 terga,
855 601 905 654 tot
920 591 1014 666 aeris,

154 691 261 773 Quem
280 696 388 776 pellis
405 696 530 759 totiens
546 695 643 760 obeat
659 695 863 758 circumdata
879 697 974 770 tauri,

153 796 310 862 Vibranti
328 801 483 863 medium
501 801 611 881 cuspis
627 799 875 862 transverberat
892 800 969 874 ictu,

80 907 118 973 485
156 901 373 986 Loricaeque
391 924 504 966 moras
520 915 552 968 et
569 915 687 985 pectus
704 904 853 986 perforat
869 903 997 985 ingens.

155 1005 214 1067 Ille
231 1009 330 1090 rapit
346 1009 494 1071 calidum
511 1009 633 1071 trustra
649 1009 691 1071 de
708 1008 844 1071 vulnere
861 1008 984 1071 telum:

154 1109 233 1172 Una
249 1114 446 1194 eademque
464 1113 516 1174 via
532 1112 668 1193 sanguis
686 1111 883 1194 animusque
899 1120 1091 1193 sequuntur.

156 1213 289 1280 Corruit
306 1219 344 1279 in
360 1217 502 1293 vulnus;
527 1217 670 1280 sonitum
688 1237 789 1297 super
805 1236 896 1279 arma
912 1216 1052 1291 dedere;

156 1317 199 1380 Et
213 1328 345 1384 terram
364 1321 518 1384 hostilem
535 1320 680 1385 moriens
697 1322 779 1401 petit
796 1340 852 1383 ore
869 1329 1014 1383 cruento

83 1440 123 1488 490
200 1423 317 1505 Quem
335 1426 473 1488 Turnus
489 1445 589 1506 super
605 1425 791 1488 adsistens:

158 1529 175 1555 “
187 1527 357 1605 Arcades,
375 1529 460 1590 haec
472 1529 489 1553 ’¹
507 1528 614 1611 inquit
632 1534 823 1592 “memores
839 1548 913 1592 mea
929 1529 1017 1591 dicta
1031 1528 1155 1591 referte

160 1629 342 1696 Euandro:
368 1632 502 1714 qualem
519 1634 648 1708 meruit,
668 1633 817 1695 Pallanta
834 1633 974 1696 remitto

160 1733 324 1820 Quisquis
342 1737 450 1799 honos
467 1735 592 1812 tumuli,
607 1737 766 1819 quidquid
784 1738 932 1800 solamen
950 1736 1108 1798 humandi
1122 1746 1182 1811 est,

162 1837 313 1921 Largior.
365 1841 469 1902 Haud
485 1840 529 1902 illi
547 1841 683 1903 stabunt
699 1841 831 1904 Aeneia
848 1861 951 1922 parvo

89 1959 127 2012 495
164 1941 356 2027 Hospitia.’'
407 1945 451 2006 Et
467 1947 560 2006 laevo
577 1947 698 2025 pressit
715 1945 810 2026 pede,
827 1945 907 2007 talia
923 1946 1022 2019 tatus,

164 2045 372 2124 Exanimem,
390 2048 525 2129 rapiens
542 2049 698 2111 immania
717 2050 865 2130 pondera
880 2048 989 2124 baltei,

164 2150 441 2234 Impressumque
457 2154 572 2216 netas:
597 2173 664 2215 una
681 2153 742 2216 sub
758 2163 855 2216 nocte
872 2152 973 2233 iugali

165 2255 270 2321 Caesa
288 2278 409 2320 manus
425 2257 583 2320 iuvenum
599 2257 707 2332 foede,
725 2256 929 2338 thalamique
949 2255 1085 2331 cruenti,

166 2358 260 2440 Quae
277 2361 405 2426 Clonus
425 2360 602 2445 Eurytides
618 2361 722 2423 multo
739 2361 927 2424 caelaverat
942 2380 1040 2436 auro;

95 2477 132 2529 500
167 2463 240 2546 Quo
258 2486 350 2529 nunc
368 2467 502 2528 Turnus
518 2475 595 2528 ovat
610 2466 717 2546 spolio
733 2465 923 2546 gaudetque
941 2466 1073 2544 potitus,

168 2567 290 2634 Nescia
306 2590 401 2632 mens
418 2571 590 2632 hominum
607 2569 668 2631 fati
685 2570 849 2651 sortisque
866 2569 1008 2642 futurae,

168 2672 209 2736 Et
226 2694 359 2736 servare
377 2674 521 2749 modum,
539 2674 638 2737 rebus
655 2673 785 2736 sublata
803 2667 978 2736 secundis!

167 2776 280 2840 Turno
296 2787 430 2859 tempus
446 2779 517 2853 erit,
534 2798 657 2859 magno
674 2798 750 2840 cum
767 2777 930 2858 optaverit
947 2787 1095 2858 emptum

169 2881 336 2945 Intactum
355 2882 513 2958 Pallanta,
531 2892 564 2946 et
581 2903 656 2945 cum
673 2881 779 2963 spolia
795 2883 858 2944 ista
874 2882 1028 2963 diemque

97 2999 134 3055 505
169 2985 294 3050 Oderit.
344 2986 393 3049 At
410 2986 488 3049 socii
505 2987 608 3049 multo
625 2987 752 3068 gemitu
768 2986 977 3068 lacrimisque

170 3090 368 3171 Impositum
387 3100 481 3153 scuto
497 3091 647 3154 referunt
666 3091 815 3153 Pallanta
832 3091 1033 3172 frequentes.

169 3194 199 3258 O
216 3195 310 3257 dolor
326 3204 427 3277 atque
446 3195 548 3258 decus
565 3215 725 3275 magnum
741 3194 885 3257 rediture
902 3193 1051 3276 parenti!

170 3298 266 3361 Haec
282 3307 315 3361 te
332 3299 440 3380 prima
455 3299 526 3362 dies
543 3299 629 3362 bello
647 3299 747 3373 dedit,
766 3281 849 3362 haec
865 3299 980 3361 eadem
999 3298 1117 3373 aufert,

170 3402 253 3466 Cum
269 3413 383 3465 tamen
400 3403 554 3485 ingentes
573 3404 771 3467 Rutulorum
789 3402 910 3484 linquis
927 3403 1077 3465 acervos!

99 3521 135 3573 5¹0
214 3507 286 3569 Nec
302 3509 369 3569 iam
386 3507 477 3570 fama
493 3508 570 3570 mali
587 3508 680 3583 tanti,
699 3508 757 3571 sed
774 3509 893 3571 certior
909 3517 1025 3570 auctor

171 3610 317 3674 Advolat
334 3613 483 3687 Aeneae,
500 3612 592 3675 tenui
608 3611 797 3675 discrimine
814 3611 870 3674 leti

173 3715 254 3779 Esse
272 3736 368 3792 suos;
393 3726 526 3797 tempus
541 3718 645 3779 versis
662 3735 854 3779 succurrere
871 3716 1017 3780 Teucris.

172 3819 323 3883 Proxima
339 3840 490 3902 quaeque
507 3820 602 3884 metit
616 3819 737 3901 gladio,
751 3820 920 3900 latumque
938 3839 997 3900 per
1013 3837 1133 3898 agmen
