2822 4294
491 310 606 364 LIBER
631 309 837 362 SECUNDUS

194 495 318 576 Ingens
334 499 395 556 aira
411 490 478 554 fuit
493 493 649 571 iuxtaque
665 487 841 552 veterrima
858 490 979 564 laurus,

195 598 399 662 Incumbens
416 603 495 658 arae
512 604 610 676 atque
629 593 745 656 umbra
762 594 935 675 complexa
952 594 1101 656 Penates.
1135 653 1138 660 .

114 729 158 782 5¹5
197 704 260 765 Hic
279 701 427 764 Hecuba
443 710 477 762 et
493 706 590 760 natae
607 707 810 780 nequiquam
826 697 942 759 altaria
959 697 1091 774 circum,

197 807 400 888 Praecipites
416 811 489 867 atra
505 823 566 866 ceu
582 809 780 884 tempestate
797 802 979 878 columbae,

196 911 396 976 Condensae
413 919 447 972 et
463 909 575 971 divum
592 908 764 989 amplexae
784 907 959 972 simulacra
976 907 1144 970 sedebant.

198 1017 313 1098 Ipsum
330 1025 444 1078 autem
462 1021 602 1095 sumptis
621 1014 787 1076 Priamum
803 1011 1010 1075 iuvenalibus
1027 1021 1126 1074 armis

197 1121 245 1184 Ut
260 1120 352 1195 vidit,
372 1119 500 1200 “Quae
516 1124 611 1180 mens
626 1127 693 1180 tam
712 1118 791 1192 dira,
809 1117 992 1180 miserrime
1008 1117 1159 1190 coniunx,

114 1250 159 1302 520
199 1224 338 1305 Impulit
353 1224 405 1285 his
422 1223 512 1303 cingi
527 1223 623 1285 telis?
647 1231 704 1284 aut
721 1229 787 1304 quo
803 1221 870 1284 ruis
882 1223 893 1284 ?
905 1222 921 1246 ''
947 1221 1060 1302 inquit.

199 1330 307 1392 “Non
323 1329 382 1390 tali
398 1326 519 1389 auxilio
535 1347 596 1390 nec
612 1326 851 1389 defensoribus
861 1325 932 1389 istis

197 1434 348 1514 Tempus
364 1441 461 1512 eget;
485 1439 560 1506 non,
579 1441 606 1494 si
623 1431 694 1512 ipse
712 1451 805 1492 meus
822 1450 909 1492 nunc
927 1427 1058 1493 adforet
1076 1430 1212 1492 Hector.

201 1538 278 1599 Huc
295 1537 433 1600 tandem
451 1536 613 1610 concede,
639 1536 720 1598 haec
737 1542 793 1596 ara
809 1534 952 1598 tuebitur
970 1541 1094 1608 omnia,

200 1641 271 1703 Aut
287 1640 429 1703 moriere
447 1637 573 1702 simul.’'
624 1639 678 1704 Sic
695 1646 751 1702 ore
768 1639 871 1700 effata
887 1638 1011 1718 recepit

112 1771 158 1824 525
199 1745 255 1809 Ad
273 1752 346 1807 sese
363 1753 397 1806 et
413 1751 506 1807 sacra
524 1745 721 1825 longaevum
739 1744 773 1805 in
791 1743 868 1806 sede
886 1741 1012 1805 locavit.

217 1849 331 1926 ,Ecce
349 1858 459 1910 autem
478 1847 611 1929 elapsus
629 1836 746 1931 Pyrrhi
762 1847 804 1909 dc
819 1847 921 1908 caede
939 1847 1068 1920 Polites,

200 1938 298 2017 Unus
315 1960 469 2015 natorum
488 1951 616 2027 Priami,
636 1971 695 2033 per
711 1952 787 2026 tela,
806 1971 864 2032 per
881 1951 993 2013 hostes

201 2055 387 2120 Porticibus
403 2057 512 2136 longis
530 2056 625 2137 fugit,
643 2065 677 2118 et
693 2075 798 2118 vacua
814 2054 898 2117 atria
913 2055 1031 2116 lustrat

200 2161 362 2226 Saucius:
387 2161 478 2222 illum
495 2161 616 2223 ardens
632 2160 756 2222 infesto
771 2159 907 2222 vulnere
925 2159 1070 2242 Pyrrhus

112 2291 158 2344 530
199 2252 402 2347 insequitur,
420 2264 634 2346 iamiamque
653 2271 752 2326 manu
770 2272 862 2326 tenet
878 2272 911 2326 et
927 2262 1048 2344 premit
1066 2263 1170 2324 hasti.

190 2371 250 2434 ¹Ut
265 2369 401 2432 tandem
419 2378 495 2431 ante
512 2369 625 2431 oculos
642 2367 746 2431 evasit
762 2376 795 2430 et
811 2375 868 2429 ora
884 2376 1069 2448 parentum,

200 2473 364 2547 Concidit,
382 2493 421 2535 ac
438 2472 541 2534 multo
557 2483 658 2535 vitam
675 2492 751 2534 cum
768 2471 931 2553 sanguine
947 2470 1042 2547 ludit.

201 2578 268 2641 Hic
287 2577 446 2653 Priamus
464 2597 666 2659 quamquam
682 2575 716 2638 in
734 2576 841 2638 media
857 2575 921 2653 iam
939 2585 1044 2638 morte
1060 2581 1200 2649 tenetur,

201 2683 280 2745 Non
297 2691 408 2744 tamen
426 2680 593 2756 abstinuit,
611 2701 673 2744 nec
688 2688 762 2743 voci
777 2690 910 2763 iraeque
928 2679 1095 2761 pepercit:

109 2814 156 2867 535
202 2786 281 2850 “At
296 2785 357 2848 tibi
373 2793 434 2866 pro
449 2785 605 2860 scelere‚'’
624 2785 795 2859 exclamat,
815 2789 832 2816 “
843 2792 904 2866 pro
919 2783 1039 2855 talibus
1056 2792 1153 2856 ausis,

202 2892 256 2965 Di,
271 2898 299 2952 si
315 2910 381 2972 qua
396 2899 447 2952 est
463 2890 555 2952 caelo
571 2889 688 2970 pictae,
707 2908 792 2971 quae
809 2887 886 2950 talia
902 2895 1004 2962 curet,

201 2995 399 3058 Persolvant
414 3001 525 3075 grates
543 2994 670 3075 dignas,
689 3002 722 3055 et
739 2993 887 3074 praemia
903 2993 1042 3055 reddant

202 3098 337 3173 Debita,
355 3107 411 3180 qui
426 3105 496 3161 nati
512 3106 622 3161 coram
640 3105 692 3160 me
709 3117 844 3160 cernere
862 3097 961 3159 letum

201 3203 327 3266 Fecisti
342 3206 382 3266 et
392 3204 516 3284 patrios
533 3202 676 3265 foedasti
692 3202 810 3264 itinere
826 3202 946 3264 vultus.

110 3336 158 3388 540
201 3308 251 3371 At
267 3315 334 3370 non
352 3307 415 3383 ille,
433 3318 540 3371 satum
560 3316 625 3390 quo
641 3315 674 3370 te
691 3307 848 3380 mentiris,
867 3306 1018 3368 Achilles

202 3411 294 3474 Talis
310 3413 343 3473 in
361 3413 456 3476 hoste
473 3414 536 3476 luit
555 3413 703 3488 Priam6;
730 3411 788 3475 sed
805 3411 876 3472 itira
893 3409 1058 3490 iidemque

203 3515 372 3597 Supplicis
389 3517 527 3592 erubuit,
545 3538 732 3599 corpusque
749 3535 917 3596 exsangue
935 3513 1087 3593 sepulcro

204 3620 364 3684 Reddidit
381 3621 595 3696 Hectoreum,
613 3629 732 3702 meque
748 3622 782 3682 in
799 3639 874 3682 mea
890 3626 993 3700 regna
1009 3615 1165 3680 remisit.''

247 3725 301 3789 Sic
320 3725 410 3787 latus
426 3725 545 3799 senior,
562 3726 731 3807 telumque
748 3724 880 3787 imbelle
897 3722 967 3786 sine
984 3721 1049 3784 ictu

114 3855 159 3909 545
203 3829 363 3903 coniecit,
383 3838 482 3892 rauco
499 3830 588 3912 quod
605 3828 756 3911 protinus
773 3846 849 3890 aere
866 3826 1036 3907 repulsum
