<?xml version="1.0" encoding="UTF-8"?>
<!DOCTYPE html PUBLIC "-//W3C//DTD XHTML 1.0 Transitional//EN"
    "http://www.w3.org/TR/xhtml1/DTD/xhtml1-transitional.dtd">
<html xmlns="http://www.w3.org/1999/xhtml" xml:lang="en" lang="en">
 <head>
  <title>
</title>
<meta http-equiv="Content-Type" content="text/html;charset=utf-8" />
  <meta name='ocr-system' content='tesseract 3.04.00' />
  <meta name='ocr-capabilities' content='ocr_page ocr_carea ocr_par ocr_line ocrx_word'/>
</head>
<body>
  <div class='ocr_page' id='page_1' title='image "./virgilsaeneidbo00denngoog_0193.png"; bbox 0 0 2800 4286; ppageno 0'>
   <div class='ocr_carea' id='block_1_1' title="bbox 202 263 937 348">
    <p class='ocr_par' dir='ltr' id='par_1_1' title="bbox 202 263 937 348">
     <span class='ocr_line' id='line_1_1' title="bbox 202 263 937 348; baseline -0.014 -18"><span class='ocrx_word' id='word_1_1' title='bbox 202 263 283 348; x_wconf 91' lang='lat'>176·</span> <span class='ocrx_word' id='word_1_2' title='bbox 554 267 712 320; x_wconf 76' lang='lat' dir='ltr'>venum</span> <span class='ocrx_word' id='word_1_3' title='bbox 739 267 937 320; x_wconf 72' lang='lat' dir='ltr'>Aruernos</span> 
     </span>
    </p>
   </div>
   <div class='ocr_carea' id='block_1_2' title="bbox 172 445 1302 3337">
    <p class='ocr_par' dir='ltr' id='par_1_2' title="bbox 235 445 1237 740">
     <span class='ocr_line' id='line_1_2' title="bbox 287 445 1059 528; baseline -0.003 -16"><span class='ocrx_word' id='word_1_4' title='bbox 287 449 455 512; x_wconf 83' lang='lat' dir='ltr'>infectum</span> <span class='ocrx_word' id='word_1_5' title='bbox 472 445 593 510; x_wconf 88' lang='lat' dir='ltr'>eluitur</span> <span class='ocrx_word' id='word_1_6' title='bbox 609 446 727 523; x_wconf 71' lang='lat' dir='ltr'>scelus</span> <span class='ocrx_word' id='word_1_7' title='bbox 746 456 802 509; x_wconf 87' lang='lat' dir='ltr'>aut</span> <span class='ocrx_word' id='word_1_8' title='bbox 819 446 965 510; x_wconf 86' lang='lat' dir='ltr'>exuritur</span> <span class='ocrx_word' id='word_1_9' title='bbox 980 446 1059 528; x_wconf 84' lang='lat' dir='ltr'>igni.</span> 
     </span>
     <span class='ocr_line' id='line_1_3' title="bbox 235 533 1237 635; baseline -0.001 -20"><span class='ocrx_word' id='word_1_10' title='bbox 235 583 239 590; x_wconf 95' lang='lat'>·</span> <span class='ocrx_word' id='word_1_11' title='bbox 287 552 439 635; x_wconf 85' lang='lat' dir='ltr'>Quisque</span> <span class='ocrx_word' id='word_1_12' title='bbox 454 571 532 614; x_wconf 91' lang='lat' dir='ltr'>suos</span> <span class='ocrx_word' id='word_1_13' title='bbox 549 552 693 632; x_wconf 90' lang='lat' dir='ltr'>patimur</span> <span class='ocrx_word' id='word_1_14' title='bbox 711 533 849 627; x_wconf 84' lang='lat' dir='ltr'>Manes;</span> <span class='ocrx_word' id='word_1_15' title='bbox 874 550 991 614; x_wconf 88' lang='lat' dir='ltr'>exinde</span> <span class='ocrx_word' id='word_1_16' title='bbox 1008 571 1068 633; x_wconf 91' lang='lat' dir='ltr'>per</span> <span class='ocrx_word' id='word_1_17' title='bbox 1084 551 1237 634; x_wconf 86' lang='lat' dir='ltr'>amplum</span> 
     </span>
     <span class='ocr_line' id='line_1_4' title="bbox 287 654 1189 740; baseline -0.003 -19"><span class='ocrx_word' id='word_1_18' title='bbox 287 658 453 721; x_wconf 78' lang='lat' dir='ltr'>Mittimus</span> <span class='ocrx_word' id='word_1_19' title='bbox 471 655 640 740; x_wconf 88' lang='lat' dir='ltr'>Elysium;</span> <span class='ocrx_word' id='word_1_20' title='bbox 665 664 698 718; x_wconf 90' lang='lat' dir='ltr'>et</span> <span class='ocrx_word' id='word_1_21' title='bbox 715 654 813 736; x_wconf 88' lang='lat' dir='ltr'>pauci</span> <span class='ocrx_word' id='word_1_22' title='bbox 828 654 915 718; x_wconf 89' lang='lat' dir='ltr'>laeta</span> <span class='ocrx_word' id='word_1_23' title='bbox 931 674 1009 718; x_wconf 85' lang='lat' dir='ltr'>arva</span> <span class='ocrx_word' id='word_1_24' title='bbox 1025 665 1189 733; x_wconf 89' lang='lat' dir='ltr'>tenemus,</span> 
     </span>
    </p>

    <p class='ocr_par' dir='ltr' id='par_1_3' title="bbox 199 759 1283 1258">
     <span class='ocr_line' id='line_1_5' title="bbox 199 759 1072 841; baseline -0.002 -15"><span class='ocrx_word' id='word_1_25' title='bbox 199 786 245 840; x_wconf 80' lang='lat'>745</span> <span class='ocrx_word' id='word_1_26' title='bbox 288 765 407 826; x_wconf 89' lang='lat' dir='ltr'>Donec</span> <span class='ocrx_word' id='word_1_27' title='bbox 424 761 525 841; x_wconf 88' lang='lat' dir='ltr'>longa</span> <span class='ocrx_word' id='word_1_28' title='bbox 541 759 621 835; x_wconf 93' lang='lat' dir='ltr'>dies,</span> <span class='ocrx_word' id='word_1_29' title='bbox 640 759 791 841; x_wconf 85' lang='lat' dir='ltr'>perlecto</span> <span class='ocrx_word' id='word_1_30' title='bbox 807 759 966 840; x_wconf 89' lang='lat' dir='ltr'>temporis</span> <span class='ocrx_word' id='word_1_31' title='bbox 983 759 1072 836; x_wconf 91' lang='lat' dir='ltr'>orbe,</span> 
     </span>
     <span class='ocr_line' id='line_1_6' title="bbox 287 864 1135 947; baseline -0.005 -16"><span class='ocrx_word' id='word_1_32' title='bbox 287 868 486 931; x_wconf 89' lang='lat' dir='ltr'>Concretam</span> <span class='ocrx_word' id='word_1_33' title='bbox 503 865 623 928; x_wconf 86' lang='lat' dir='ltr'>exemit</span> <span class='ocrx_word' id='word_1_34' title='bbox 640 864 757 939; x_wconf 89' lang='lat' dir='ltr'>labem,</span> <span class='ocrx_word' id='word_1_35' title='bbox 776 883 962 946; x_wconf 91' lang='lat' dir='ltr'>purumque</span> <span class='ocrx_word' id='word_1_36' title='bbox 979 865 1135 947; x_wconf 88' lang='lat' dir='ltr'>relinquit</span> 
     </span>
     <span class='ocr_line' id='line_1_7' title="bbox 286 967 1176 1050; baseline -0.001 -17"><span class='ocrx_word' id='word_1_37' title='bbox 286 969 484 1033; x_wconf 90' lang='lat' dir='ltr'>Aetherium</span> <span class='ocrx_word' id='word_1_38' title='bbox 501 989 635 1032; x_wconf 89' lang='lat' dir='ltr'>sensum</span> <span class='ocrx_word' id='word_1_39' title='bbox 653 978 753 1050; x_wconf 91' lang='lat' dir='ltr'>atque</span> <span class='ocrx_word' id='word_1_40' title='bbox 770 967 862 1030; x_wconf 87' lang='lat' dir='ltr'>aurai</span> <span class='ocrx_word' id='word_1_41' title='bbox 879 967 1037 1049; x_wconf 89' lang='lat' dir='ltr'>simplicis</span> <span class='ocrx_word' id='word_1_42' title='bbox 1054 968 1176 1049; x_wconf 86' lang='lat' dir='ltr'>ignem.</span> 
     </span>
     <span class='ocr_line' id='line_1_8' title="bbox 288 1072 1202 1154; baseline -0.004 -16"><span class='ocrx_word' id='word_1_43' title='bbox 288 1076 361 1138; x_wconf 87' lang='lat' dir='ltr'>Has</span> <span class='ocrx_word' id='word_1_44' title='bbox 378 1095 503 1149; x_wconf 89' lang='lat' dir='ltr'>omnes,</span> <span class='ocrx_word' id='word_1_45' title='bbox 521 1073 578 1137; x_wconf 90' lang='lat' dir='ltr'>ubi</span> <span class='ocrx_word' id='word_1_46' title='bbox 595 1072 684 1135; x_wconf 93' lang='lat' dir='ltr'>mille</span> <span class='ocrx_word' id='word_1_47' title='bbox 700 1082 805 1136; x_wconf 88' lang='lat' dir='ltr'>rotam</span> <span class='ocrx_word' id='word_1_48' title='bbox 821 1073 954 1136; x_wconf 86' lang='lat' dir='ltr'>volvere</span> <span class='ocrx_word' id='word_1_49' title='bbox 970 1093 1029 1154; x_wconf 87' lang='lat' dir='ltr'>per</span> <span class='ocrx_word' id='word_1_50' title='bbox 1044 1093 1161 1148; x_wconf 87' lang='lat' dir='ltr'>annos,</span> <span class='ocrx_word' id='word_1_51' title='bbox 1197 1082 1202 1090; x_wconf 85' lang='lat'>&#39;</span> 
     </span>
     <span class='ocr_line' id='line_1_9' title="bbox 288 1176 1283 1258; baseline -0.001 -17"><span class='ocrx_word' id='word_1_52' title='bbox 288 1180 472 1242; x_wconf 87' lang='lat' dir='ltr'>Lethaeum</span> <span class='ocrx_word' id='word_1_53' title='bbox 489 1178 531 1240; x_wconf 90' lang='lat' dir='ltr'>ad</span> <span class='ocrx_word' id='word_1_54' title='bbox 548 1178 683 1240; x_wconf 88' lang='lat' dir='ltr'>fluvium</span> <span class='ocrx_word' id='word_1_55' title='bbox 700 1178 782 1240; x_wconf 87' lang='lat' dir='ltr'>deus</span> <span class='ocrx_word' id='word_1_56' title='bbox 798 1187 915 1240; x_wconf 86' lang='lat' dir='ltr'>evocat</span> <span class='ocrx_word' id='word_1_57' title='bbox 931 1176 1064 1258; x_wconf 83' lang='lat' dir='ltr'>agmine</span> <span class='ocrx_word' id='word_1_58' title='bbox 1080 1176 1214 1258; x_wconf 82' lang='lat' dir='ltr'>mag&#39;no,</span> <span class='ocrx_word' id='word_1_59' title='bbox 1274 1199 1283 1212; x_wconf 94' lang='lat'><strong>·</strong></span> 
     </span>
    </p>

    <p class='ocr_par' dir='ltr' id='par_1_4' title="bbox 199 1282 1163 1363">
     <span class='ocr_line' id='line_1_10' title="bbox 199 1282 1163 1363; baseline -0.003 -16"><span class='ocrx_word' id='word_1_60' title='bbox 199 1302 247 1355; x_wconf 84' lang='lat'>750</span> <span class='ocrx_word' id='word_1_61' title='bbox 287 1283 419 1347; x_wconf 87' lang='lat' dir='ltr'>Scilicet</span> <span class='ocrx_word' id='word_1_62' title='bbox 435 1283 646 1346; x_wconf 87' lang='lat' dir='ltr'>immemores</span> <span class='ocrx_word' id='word_1_63' title='bbox 662 1301 784 1363; x_wconf 88' lang='lat' dir='ltr'>supera</span> <span class='ocrx_word' id='word_1_64' title='bbox 800 1291 837 1345; x_wconf 94' lang='lat' dir='ltr'>ut</span> <span class='ocrx_word' id='word_1_65' title='bbox 852 1302 1000 1346; x_wconf 88' lang='lat' dir='ltr'>convexa</span> <span class='ocrx_word' id='word_1_66' title='bbox 1015 1282 1163 1344; x_wconf 84' lang='lat' dir='ltr'>revisant</span> 
     </span>
    </p>

    <p class='ocr_par' dir='ltr' id='par_1_5' title="bbox 209 1385 1118 1467">
     <span class='ocr_line' id='line_1_11' title="bbox 209 1385 1118 1467; baseline -0.001 -19"><span class='ocrx_word' id='word_1_67' title='bbox 209 1403 212 1408; x_wconf 83' lang='lat'>·</span> <span class='ocrx_word' id='word_1_68' title='bbox 287 1388 416 1460; x_wconf 81' lang='lat' dir='ltr'>Rursus</span> <span class='ocrx_word' id='word_1_69' title='bbox 432 1396 466 1450; x_wconf 91' lang='lat' dir='ltr'>et</span> <span class='ocrx_word' id='word_1_70' title='bbox 481 1386 642 1467; x_wconf 85' lang='lat' dir='ltr'>incipiant</span> <span class='ocrx_word' id='word_1_71' title='bbox 659 1385 692 1448; x_wconf 92' lang='lat' dir='ltr'>in</span> <span class='ocrx_word' id='word_1_72' title='bbox 709 1407 849 1467; x_wconf 91' lang='lat' dir='ltr'>corpora</span> <span class='ocrx_word' id='word_1_73' title='bbox 866 1386 951 1449; x_wconf 90' lang='lat' dir='ltr'>velle</span> <span class='ocrx_word' id='word_1_74' title='bbox 966 1385 1118 1450; x_wconf 86' lang='lat' dir='ltr'>reverti.”</span> 
     </span>
    </p>

    <p class='ocr_par' dir='ltr' id='par_1_6' title="bbox 226 1489 1243 1780">
     <span class='ocr_line' id='line_1_12' title="bbox 330 1489 1185 1574; baseline 0 -22"><span class='ocrx_word' id='word_1_75' title='bbox 330 1491 468 1553; x_wconf 88' lang='lat' dir='ltr'>Dixerat</span> <span class='ocrx_word' id='word_1_76' title='bbox 485 1490 662 1565; x_wconf 84' lang='lat' dir='ltr'>Anchises,</span> <span class='ocrx_word' id='word_1_77' title='bbox 676 1500 857 1571; x_wconf 89' lang='lat' dir='ltr'>natumque</span> <span class='ocrx_word' id='word_1_78' title='bbox 874 1510 1006 1571; x_wconf 90' lang='lat' dir='ltr'>unaque</span> <span class='ocrx_word' id='word_1_79' title='bbox 1024 1489 1185 1574; x_wconf 85' lang='lat' dir='ltr'>Sibyllam</span> 
     </span>
     <span class='ocr_line' id='line_1_13' title="bbox 226 1594 1204 1676; baseline -0.002 -18"><span class='ocrx_word' id='word_1_80' title='bbox 226 1639 229 1644; x_wconf 68' lang='lat'>,</span> <span class='ocrx_word' id='word_1_81' title='bbox 285 1595 478 1658; x_wconf 89' lang='lat' dir='ltr'>Conventus</span> <span class='ocrx_word' id='word_1_82' title='bbox 495 1595 597 1656; x_wconf 90' lang='lat' dir='ltr'>trahit</span> <span class='ocrx_word' id='word_1_83' title='bbox 611 1594 645 1656; x_wconf 91' lang='lat' dir='ltr'>in</span> <span class='ocrx_word' id='word_1_84' title='bbox 662 1594 789 1658; x_wconf 90' lang='lat' dir='ltr'>medios</span> <span class='ocrx_word' id='word_1_85' title='bbox 805 1594 1002 1676; x_wconf 86' lang='lat' dir='ltr'>turbamque</span> <span class='ocrx_word' id='word_1_86' title='bbox 1019 1603 1204 1669; x_wconf 89' lang='lat' dir='ltr'>sonantem,</span> 
     </span>
     <span class='ocr_line' id='line_1_14' title="bbox 286 1698 1243 1780; baseline -0.001 -20"><span class='ocrx_word' id='word_1_87' title='bbox 286 1699 330 1760; x_wconf 92' lang='lat' dir='ltr'>Et</span> <span class='ocrx_word' id='word_1_88' title='bbox 346 1700 508 1762; x_wconf 92' lang='lat' dir='ltr'>tumulum</span> <span class='ocrx_word' id='word_1_89' title='bbox 525 1698 624 1779; x_wconf 90' lang='lat' dir='ltr'>capit,</span> <span class='ocrx_word' id='word_1_90' title='bbox 642 1698 730 1760; x_wconf 91' lang='lat' dir='ltr'>unde</span> <span class='ocrx_word' id='word_1_91' title='bbox 747 1718 863 1762; x_wconf 87' lang='lat' dir='ltr'>omnes</span> <span class='ocrx_word' id='word_1_92' title='bbox 880 1698 980 1779; x_wconf 92' lang='lat' dir='ltr'>longo</span> <span class='ocrx_word' id='word_1_93' title='bbox 996 1698 1111 1762; x_wconf 90' lang='lat' dir='ltr'>ordine</span> <span class='ocrx_word' id='word_1_94' title='bbox 1127 1705 1243 1780; x_wconf 89' lang='lat' dir='ltr'>posset</span> 
     </span>
    </p>

    <p class='ocr_par' dir='ltr' id='par_1_7' title="bbox 199 1802 1139 1883">
     <span class='ocr_line' id='line_1_15' title="bbox 199 1802 1139 1883; baseline 0 -19"><span class='ocrx_word' id='word_1_95' title='bbox 199 1821 244 1874; x_wconf 84' lang='lat'>755</span> <span class='ocrx_word' id='word_1_96' title='bbox 288 1803 460 1865; x_wconf 91' lang='lat' dir='ltr'>Adversos</span> <span class='ocrx_word' id='word_1_97' title='bbox 478 1802 598 1883; x_wconf 89' lang='lat' dir='ltr'>legere,</span> <span class='ocrx_word' id='word_1_98' title='bbox 616 1812 650 1864; x_wconf 92' lang='lat' dir='ltr'>et</span> <span class='ocrx_word' id='word_1_99' title='bbox 666 1804 859 1864; x_wconf 89' lang='lat' dir='ltr'>venientum</span> <span class='ocrx_word' id='word_1_100' title='bbox 876 1802 1003 1866; x_wconf 87' lang='lat' dir='ltr'>discere</span> <span class='ocrx_word' id='word_1_101' title='bbox 1019 1802 1139 1865; x_wconf 90' lang='lat' dir='ltr'>vultus.</span> 
     </span>
    </p>

    <p class='ocr_par' dir='ltr' id='par_1_8' title="bbox 329 1906 1302 1988">
     <span class='ocr_line' id='line_1_16' title="bbox 329 1906 1302 1988; baseline -0.004 -20"><span class='ocrx_word' id='word_1_102' title='bbox 329 1911 348 1937; x_wconf 87' lang='lat'><strong>“</strong></span> <span class='ocrx_word' id='word_1_103' title='bbox 361 1907 460 1968; x_wconf 90' lang='lat' dir='ltr'>Nunc</span> <span class='ocrx_word' id='word_1_104' title='bbox 471 1926 543 1987; x_wconf 85' lang='lat' dir='ltr'>age,</span> <span class='ocrx_word' id='word_1_105' title='bbox 560 1907 765 1968; x_wconf 89' lang='lat' dir='ltr'>Dardaniam</span> <span class='ocrx_word' id='word_1_106' title='bbox 779 1907 905 1986; x_wconf 89' lang='lat' dir='ltr'>prolem</span> <span class='ocrx_word' id='word_1_107' title='bbox 917 1927 1002 1988; x_wconf 90' lang='lat' dir='ltr'>quae</span> <span class='ocrx_word' id='word_1_108' title='bbox 1013 1906 1134 1970; x_wconf 90' lang='lat' dir='ltr'>deinde</span> <span class='ocrx_word' id='word_1_109' title='bbox 1144 1915 1302 1988; x_wconf 88' lang='lat' dir='ltr'>sequatur</span> 
     </span>
    </p>

    <p class='ocr_par' dir='ltr' id='par_1_9' title="bbox 212 2009 1146 2299">
     <span class='ocr_line' id='line_1_17' title="bbox 212 2009 1096 2093; baseline -0.001 -19"><span class='ocrx_word' id='word_1_110' title='bbox 212 2033 218 2070; x_wconf 95' lang='grc'>·.</span> <span class='ocrx_word' id='word_1_111' title='bbox 285 2009 407 2086; x_wconf 78' lang='lat' dir='ltr'>Gloria,</span> <span class='ocrx_word' id='word_1_112' title='bbox 424 2011 481 2092; x_wconf 93' lang='lat' dir='ltr'>qui</span> <span class='ocrx_word' id='word_1_113' title='bbox 497 2020 655 2074; x_wconf 89' lang='lat' dir='ltr'>maneant</span> <span class='ocrx_word' id='word_1_114' title='bbox 672 2010 756 2073; x_wconf 86' lang='lat' dir='ltr'>Itala</span> <span class='ocrx_word' id='word_1_115' title='bbox 772 2010 813 2073; x_wconf 93' lang='lat' dir='ltr'>de</span> <span class='ocrx_word' id='word_1_116' title='bbox 830 2020 930 2092; x_wconf 88' lang='lat' dir='ltr'>gente</span> <span class='ocrx_word' id='word_1_117' title='bbox 947 2020 1096 2093; x_wconf 72' lang='lat' dir='ltr'>nepotes</span> 
     </span>
     <span class='ocr_line' id='line_1_18' title="bbox 287 2113 1146 2196; baseline 0.001 -21"><span class='ocrx_word' id='word_1_118' title='bbox 287 2115 450 2176; x_wconf 87' lang='lat' dir='ltr'>Inlustres</span> <span class='ocrx_word' id='word_1_119' title='bbox 467 2113 594 2178; x_wconf 88' lang='lat' dir='ltr'>animas</span> <span class='ocrx_word' id='word_1_120' title='bbox 612 2124 829 2196; x_wconf 89' lang='lat' dir='ltr'>nostrumque</span> <span class='ocrx_word' id='word_1_121' title='bbox 845 2114 879 2176; x_wconf 90' lang='lat' dir='ltr'>in</span> <span class='ocrx_word' id='word_1_122' title='bbox 896 2135 1018 2178; x_wconf 89' lang='lat' dir='ltr'>nomen</span> <span class='ocrx_word' id='word_1_123' title='bbox 1034 2114 1146 2190; x_wconf 89' lang='lat' dir='ltr'>ituras,</span> 
     </span>
     <span class='ocr_line' id='line_1_19' title="bbox 286 2217 1004 2299; baseline 0.001 -20"><span class='ocrx_word' id='word_1_124' title='bbox 286 2217 468 2299; x_wconf 92' lang='lat' dir='ltr'>Expediam</span> <span class='ocrx_word' id='word_1_125' title='bbox 487 2217 593 2293; x_wconf 90' lang='lat' dir='ltr'>dictis,</span> <span class='ocrx_word' id='word_1_126' title='bbox 611 2228 645 2281; x_wconf 93' lang='lat' dir='ltr'>et</span> <span class='ocrx_word' id='word_1_127' title='bbox 659 2228 693 2281; x_wconf 91' lang='lat' dir='ltr'>te</span> <span class='ocrx_word' id='word_1_128' title='bbox 709 2227 766 2280; x_wconf 89' lang='lat' dir='ltr'>tua</span> <span class='ocrx_word' id='word_1_129' title='bbox 782 2219 853 2281; x_wconf 83' lang='lat' dir='ltr'>lata</span> <span class='ocrx_word' id='word_1_130' title='bbox 868 2218 1004 2282; x_wconf 88' lang='lat' dir='ltr'>docebo.</span> 
     </span>
    </p>

    <p class='ocr_par' dir='ltr' id='par_1_10' title="bbox 198 2321 1167 2817">
     <span class='ocr_line' id='line_1_20' title="bbox 198 2321 1123 2404; baseline 0.003 -21"><span class='ocrx_word' id='word_1_131' title='bbox 198 2327 246 2391; x_wconf 88' lang='lat'>760</span> <span class='ocrx_word' id='word_1_132' title='bbox 331 2326 349 2353; x_wconf 88' lang='lat'>“</span> <span class='ocrx_word' id='word_1_133' title='bbox 361 2322 432 2397; x_wconf 91' lang='lat' dir='ltr'>Ille,</span> <span class='ocrx_word' id='word_1_134' title='bbox 450 2321 551 2396; x_wconf 91' lang='lat' dir='ltr'>vides,</span> <span class='ocrx_word' id='word_1_135' title='bbox 570 2342 653 2402; x_wconf 90' lang='lat' dir='ltr'>pura</span> <span class='ocrx_word' id='word_1_136' title='bbox 670 2321 799 2384; x_wconf 88' lang='lat' dir='ltr'>iuvenis</span> <span class='ocrx_word' id='word_1_137' title='bbox 815 2324 871 2404; x_wconf 90' lang='lat' dir='ltr'>qui</span> <span class='ocrx_word' id='word_1_138' title='bbox 887 2321 1002 2385; x_wconf 90' lang='lat' dir='ltr'>nititur</span> <span class='ocrx_word' id='word_1_139' title='bbox 1018 2321 1123 2398; x_wconf 79' lang='lat' dir='ltr'>hasta,</span> 
     </span>
     <span class='ocr_line' id='line_1_21' title="bbox 286 2425 1167 2507; baseline 0.003 -21"><span class='ocrx_word' id='word_1_140' title='bbox 286 2425 436 2488; x_wconf 86' lang='lat' dir='ltr'>Proxima</span> <span class='ocrx_word' id='word_1_141' title='bbox 454 2435 542 2488; x_wconf 90' lang='lat' dir='ltr'>sorte</span> <span class='ocrx_word' id='word_1_142' title='bbox 559 2435 651 2488; x_wconf 89' lang='lat' dir='ltr'>tenet</span> <span class='ocrx_word' id='word_1_143' title='bbox 668 2425 751 2488; x_wconf 89' lang='lat' dir='ltr'>lucis</span> <span class='ocrx_word' id='word_1_144' title='bbox 766 2425 848 2501; x_wconf 90' lang='lat' dir='ltr'>loca,</span> <span class='ocrx_word' id='word_1_145' title='bbox 867 2425 993 2507; x_wconf 88' lang='lat' dir='ltr'>primus</span> <span class='ocrx_word' id='word_1_146' title='bbox 1009 2427 1052 2489; x_wconf 91' lang='lat' dir='ltr'>ad</span> <span class='ocrx_word' id='word_1_147' title='bbox 1068 2446 1167 2490; x_wconf 87' lang='lat' dir='ltr'>auras</span> 
     </span>
     <span class='ocr_line' id='line_1_22' title="bbox 284 2528 1100 2612; baseline 0.002 -22"><span class='ocrx_word' id='word_1_148' title='bbox 284 2528 463 2591; x_wconf 89' lang='lat' dir='ltr'>Aetherias</span> <span class='ocrx_word' id='word_1_149' title='bbox 482 2530 566 2592; x_wconf 91' lang='lat' dir='ltr'>Italo</span> <span class='ocrx_word' id='word_1_150' title='bbox 583 2529 780 2592; x_wconf 87' lang='lat' dir='ltr'>commixtus</span> <span class='ocrx_word' id='word_1_151' title='bbox 797 2530 961 2612; x_wconf 87' lang='lat' dir='ltr'>sanguine</span> <span class='ocrx_word' id='word_1_152' title='bbox 978 2538 1100 2611; x_wconf 89' lang='lat' dir='ltr'>surget,</span> 
     </span>
     <span class='ocr_line' id='line_1_23' title="bbox 286 2632 1147 2716; baseline 0 -20"><span class='ocrx_word' id='word_1_153' title='bbox 286 2632 417 2708; x_wconf 90' lang='lat' dir='ltr'>Silvius,</span> <span class='ocrx_word' id='word_1_154' title='bbox 435 2633 607 2696; x_wconf 89' lang='lat' dir='ltr'>Albanum</span> <span class='ocrx_word' id='word_1_155' title='bbox 623 2653 755 2706; x_wconf 88' lang='lat' dir='ltr'>nomen,</span> <span class='ocrx_word' id='word_1_156' title='bbox 773 2642 831 2695; x_wconf 89' lang='lat' dir='ltr'>tua</span> <span class='ocrx_word' id='word_1_157' title='bbox 847 2643 1002 2714; x_wconf 88' lang='lat' dir='ltr'>postuma</span> <span class='ocrx_word' id='word_1_158' title='bbox 1018 2633 1147 2716; x_wconf 89' lang='lat' dir='ltr'>proles;</span> 
     </span>
     <span class='ocr_line' id='line_1_24' title="bbox 285 2719 1100 2817; baseline -0.001 -18"><span class='ocrx_word' id='word_1_159' title='bbox 285 2736 394 2817; x_wconf 84' lang='lat' dir='ltr'>Quem</span> <span class='ocrx_word' id='word_1_160' title='bbox 410 2737 470 2799; x_wconf 90' lang='lat' dir='ltr'>tibi</span> <span class='ocrx_word' id='word_1_161' title='bbox 486 2737 649 2816; x_wconf 89' lang='lat' dir='ltr'>longaevo</span> <span class='ocrx_word' id='word_1_162' title='bbox 666 2757 775 2799; x_wconf 92' lang='lat' dir='ltr'>serum</span> <span class='ocrx_word' id='word_1_163' title='bbox 796 2736 934 2800; x_wconf 89' lang='lat' dir='ltr'>Lavinia</span> <span class='ocrx_word' id='word_1_164' title='bbox 950 2719 1100 2800; x_wconf 86' lang='lat' dir='ltr'>coniunx</span> 
     </span>
    </p>

    <p class='ocr_par' dir='ltr' id='par_1_11' title="bbox 198 2840 1061 2922">
     <span class='ocr_line' id='line_1_25' title="bbox 198 2840 1061 2922; baseline 0 -20"><span class='ocrx_word' id='word_1_165' title='bbox 198 2847 243 2911; x_wconf 82' lang='lat'>765</span> <span class='ocrx_word' id='word_1_166' title='bbox 285 2840 414 2904; x_wconf 87' lang='lat' dir='ltr'>Educet</span> <span class='ocrx_word' id='word_1_167' title='bbox 431 2841 522 2902; x_wconf 92' lang='lat' dir='ltr'>silvis</span> <span class='ocrx_word' id='word_1_168' title='bbox 538 2860 652 2921; x_wconf 90' lang='lat' dir='ltr'>regem</span> <span class='ocrx_word' id='word_1_169' title='bbox 669 2860 853 2922; x_wconf 89' lang='lat' dir='ltr'>regumque</span> <span class='ocrx_word' id='word_1_170' title='bbox 870 2850 1061 2921; x_wconf 89' lang='lat' dir='ltr'>parentem;</span> 
     </span>
    </p>

    <p class='ocr_par' dir='ltr' id='par_1_12' title="bbox 172 2944 1245 3337">
     <span class='ocr_line' id='line_1_26' title="bbox 285 2944 1167 3025; baseline 0 -19"><span class='ocrx_word' id='word_1_171' title='bbox 285 2944 384 3007; x_wconf 89' lang='lat' dir='ltr'>Unde</span> <span class='ocrx_word' id='word_1_172' title='bbox 401 2964 508 3025; x_wconf 89' lang='lat' dir='ltr'>genus</span> <span class='ocrx_word' id='word_1_173' title='bbox 527 2945 645 3025; x_wconf 87' lang='lat' dir='ltr'>Longa</span> <span class='ocrx_word' id='word_1_174' title='bbox 662 2954 811 3007; x_wconf 92' lang='lat' dir='ltr'>nostrum</span> <span class='ocrx_word' id='word_1_175' title='bbox 829 2944 1052 3007; x_wconf 87' lang='lat' dir='ltr'>dominabitur</span> <span class='ocrx_word' id='word_1_176' title='bbox 1069 2945 1167 3006; x_wconf 87' lang='lat' dir='ltr'>Alba.</span> 
     </span>
     <span class='ocr_line' id='line_1_27' title="bbox 330 3047 1245 3129; baseline 0 -20"><span class='ocrx_word' id='word_1_177' title='bbox 330 3048 530 3110; x_wconf 89' lang='lat' dir='ltr'>“Proximus</span> <span class='ocrx_word' id='word_1_178' title='bbox 547 3047 599 3111; x_wconf 89' lang='lat' dir='ltr'>ille</span> <span class='ocrx_word' id='word_1_179' title='bbox 619 3049 749 3123; x_wconf 75' lang='lat' dir='ltr'>Procas</span> <span class='ocrx_word' id='word_1_180' title='bbox 767 3047 933 3111; x_wconf 90' lang='lat' dir='ltr'>Troianae</span> <span class='ocrx_word' id='word_1_181' title='bbox 949 3047 1054 3129; x_wconf 86' lang='lat' dir='ltr'>gloria</span> <span class='ocrx_word' id='word_1_182' title='bbox 1070 3048 1190 3128; x_wconf 89' lang='lat' dir='ltr'>gentis,</span> <span class='ocrx_word' id='word_1_183' title='bbox 1241 3087 1245 3096; x_wconf 90' lang='lat'><em>·</em></span> 
     </span>
     <span class='ocr_line' id='line_1_28' title="bbox 172 3151 1164 3234; baseline 0.001 -22"><span class='ocrx_word' id='word_1_184' title='bbox 172 3173 176 3182; x_wconf 92' lang='lat'><strong>·</strong></span> <span class='ocrx_word' id='word_1_185' title='bbox 285 3151 328 3212; x_wconf 91' lang='lat' dir='ltr'>Et</span> <span class='ocrx_word' id='word_1_186' title='bbox 345 3151 467 3234; x_wconf 88' lang='lat' dir='ltr'>Capys,</span> <span class='ocrx_word' id='word_1_187' title='bbox 485 3161 518 3214; x_wconf 93' lang='lat' dir='ltr'>et</span> <span class='ocrx_word' id='word_1_188' title='bbox 536 3152 700 3226; x_wconf 91' lang='lat' dir='ltr'>Numitor,</span> <span class='ocrx_word' id='word_1_189' title='bbox 717 3153 823 3232; x_wconf 92' lang='lat' dir='ltr'>etqui</span> <span class='ocrx_word' id='word_1_190' title='bbox 840 3161 872 3214; x_wconf 89' lang='lat' dir='ltr'>te</span> <span class='ocrx_word' id='word_1_191' title='bbox 889 3151 1022 3214; x_wconf 90' lang='lat' dir='ltr'>nomine</span> <span class='ocrx_word' id='word_1_192' title='bbox 1039 3151 1164 3226; x_wconf 92' lang='lat' dir='ltr'>reddet,</span> 
     </span>
     <span class='ocr_line' id='line_1_29' title="bbox 285 3254 1038 3337; baseline 0.001 -20"><span class='ocrx_word' id='word_1_193' title='bbox 285 3254 406 3317; x_wconf 91' lang='lat' dir='ltr'>Silvius</span> <span class='ocrx_word' id='word_1_194' title='bbox 422 3254 569 3330; x_wconf 81' lang='lat' dir='ltr'>Aeneas,</span> <span class='ocrx_word' id='word_1_195' title='bbox 588 3254 710 3336; x_wconf 88' lang='lat' dir='ltr'>pariter</span> <span class='ocrx_word' id='word_1_196' title='bbox 729 3255 852 3337; x_wconf 90' lang='lat' dir='ltr'>pietate</span> <span class='ocrx_word' id='word_1_197' title='bbox 869 3257 922 3318; x_wconf 91' lang='lat' dir='ltr'>vel</span> <span class='ocrx_word' id='word_1_198' title='bbox 938 3255 1038 3318; x_wconf 90' lang='lat' dir='ltr'>armis</span> 
     </span>
    </p>
   </div>
   <div class='ocr_carea' id='block_1_3' title="bbox 197 3358 1238 3854">
    <p class='ocr_par' dir='ltr' id='par_1_13' title="bbox 197 3358 1238 3648">
     <span class='ocr_line' id='line_1_30' title="bbox 197 3358 1238 3442; baseline 0 -23"><span class='ocrx_word' id='word_1_199' title='bbox 197 3376 245 3442; x_wconf 75' lang='lat'>779</span> <span class='ocrx_word' id='word_1_200' title='bbox 284 3359 459 3438; x_wconf 86' lang='lat' dir='ltr'>Egregius,</span> <span class='ocrx_word' id='word_1_201' title='bbox 479 3358 506 3420; x_wconf 94' lang='lat' dir='ltr'>si</span> <span class='ocrx_word' id='word_1_202' title='bbox 523 3379 680 3441; x_wconf 89' lang='lat' dir='ltr'>umquam</span> <span class='ocrx_word' id='word_1_203' title='bbox 697 3361 904 3441; x_wconf 88' lang='lat' dir='ltr'>regnandam</span> <span class='ocrx_word' id='word_1_204' title='bbox 923 3361 1089 3440; x_wconf 80' lang='lat' dir='ltr'>acceperit</span> <span class='ocrx_word' id='word_1_205' title='bbox 1105 3358 1238 3421; x_wconf 91' lang='lat' dir='ltr'>Albam.</span> 
     </span>
     <span class='ocr_line' id='line_1_31' title="bbox 284 3461 1137 3545; baseline 0.002 -23"><span class='ocrx_word' id='word_1_206' title='bbox 284 3461 350 3542; x_wconf 84' lang='lat' dir='ltr'>Qui</span> <span class='ocrx_word' id='word_1_207' title='bbox 366 3461 520 3526; x_wconf 88' lang='lat' dir='ltr'>iuvenes!</span> <span class='ocrx_word' id='word_1_208' title='bbox 547 3473 689 3545; x_wconf 90' lang='lat' dir='ltr'>quantas</span> <span class='ocrx_word' id='word_1_209' title='bbox 706 3473 884 3540; x_wconf 88' lang='lat' dir='ltr'>ostentant,</span> <span class='ocrx_word' id='word_1_210' title='bbox 902 3465 1024 3544; x_wconf 89' lang='lat' dir='ltr'>aspice,</span> <span class='ocrx_word' id='word_1_211' title='bbox 1041 3462 1137 3537; x_wconf 89' lang='lat' dir='ltr'>vires,</span> 
     </span>
     <span class='ocr_line' id='line_1_32' title="bbox 284 3565 1133 3648; baseline 0.005 -22"><span class='ocrx_word' id='word_1_212' title='bbox 284 3565 397 3646; x_wconf 89' lang='lat' dir='ltr'>Atque</span> <span class='ocrx_word' id='word_1_213' title='bbox 414 3566 566 3629; x_wconf 91' lang='lat' dir='ltr'>umbrata</span> <span class='ocrx_word' id='word_1_214' title='bbox 583 3577 704 3647; x_wconf 91' lang='lat' dir='ltr'>gerunt</span> <span class='ocrx_word' id='word_1_215' title='bbox 721 3567 808 3630; x_wconf 91' lang='lat' dir='ltr'>civili</span> <span class='ocrx_word' id='word_1_216' title='bbox 823 3577 975 3648; x_wconf 90' lang='lat' dir='ltr'>tempora</span> <span class='ocrx_word' id='word_1_217' title='bbox 990 3587 1114 3648; x_wconf 90' lang='lat' dir='ltr'>quercu</span> <span class='ocrx_word' id='word_1_218' title='bbox 1127 3568 1133 3630; x_wconf 92' lang='lat'><strong>!</strong></span> 
     </span>
    </p>

    <p class='ocr_par' dir='ltr' id='par_1_14' title="bbox 286 3667 1208 3854">
     <span class='ocr_line' id='line_1_33' title="bbox 286 3667 1208 3752; baseline 0.003 -23"><span class='ocrx_word' id='word_1_219' title='bbox 286 3667 332 3729; x_wconf 93' lang='lat' dir='ltr'>Hi</span> <span class='ocrx_word' id='word_1_220' title='bbox 348 3668 408 3730; x_wconf 92' lang='lat' dir='ltr'>tibi</span> <span class='ocrx_word' id='word_1_221' title='bbox 426 3669 628 3731; x_wconf 90' lang='lat' dir='ltr'>Nomentum</span> <span class='ocrx_word' id='word_1_222' title='bbox 646 3680 678 3732; x_wconf 91' lang='lat' dir='ltr'>et</span> <span class='ocrx_word' id='word_1_223' title='bbox 695 3670 818 3734; x_wconf 88' lang='lat' dir='ltr'>Gabios</span> <span class='ocrx_word' id='word_1_224' title='bbox 835 3671 1016 3752; x_wconf 91' lang='lat' dir='ltr'>urbemque</span> <span class='ocrx_word' id='word_1_225' title='bbox 1035 3670 1208 3746; x_wconf 91' lang='lat' dir='ltr'>Fidenam,</span> 
     </span>
     <span class='ocr_line' id='line_1_34' title="bbox 286 3768 1025 3854; baseline 0.009 -24"><span class='ocrx_word' id='word_1_226' title='bbox 286 3768 333 3830; x_wconf 92' lang='lat' dir='ltr'>Hi</span> <span class='ocrx_word' id='word_1_227' title='bbox 350 3769 533 3834; x_wconf 88' lang='lat' dir='ltr'>Collatinas</span> <span class='ocrx_word' id='word_1_228' title='bbox 550 3773 722 3854; x_wconf 90' lang='lat' dir='ltr'>imponent</span> <span class='ocrx_word' id='word_1_229' title='bbox 739 3775 906 3838; x_wconf 91' lang='lat' dir='ltr'>montibus</span> <span class='ocrx_word' id='word_1_230' title='bbox 923 3795 1025 3848; x_wconf 91' lang='lat' dir='ltr'>arces,</span> 
     </span>
    </p>
   </div>
   <div class='ocr_carea' id='block_1_4' title="bbox 0 0 1404 4286">
    <p class='ocr_par' dir='ltr' id='par_1_15' title="bbox 0 0 1404 4286">
     <span class='ocr_line' id='line_1_35' title="bbox 0 0 1404 4286; baseline 0 1"><span class='ocrx_word' id='word_1_231' title='bbox 0 0 1404 4286; x_wconf 95' lang='lat' dir='ltr'> </span> 
     </span>
    </p>
   </div>
  </div>
 </body>
</html>
