2796 4282
485 311 600 364 LIBER
626 312 795 365 TERTIUS

210 491 289 554 Huc
307 490 366 553 ubi
382 491 487 554 delati
504 501 619 572 portus
636 493 839 568 intravimus,
857 511 936 556 ecce

77 621 128 657 220
170 596 273 657 Laeta
290 595 393 658 boum
412 595 538 676 passim
555 595 682 676 campis
699 605 850 660 armenta
865 595 1016 660 videmus

170 693 469 781 Caprigeriumque
487 719 588 780 pecus
605 700 696 762 nullo
713 700 851 764 custode
868 721 928 782 per
943 701 1073 766 herbas.

172 803 342 866 Inruimus
359 804 460 877 ferm,
480 812 513 866 et
528 803 621 866 divos
638 805 816 886 ipsumque
832 825 991 868 vocamus

173 909 212 971 In
228 917 358 990 partem
378 907 604 989 praedamque
622 909 756 983 Iovem;
781 919 851 972 tum
869 910 963 973 litore
980 930 1081 973 curvo

174 1012 454 1093 Exstruimusque
470 1020 558 1075 toros
576 1011 784 1094 dapibusque
802 1014 977 1095 epulamur
992 1014 1121 1096 opimis.

82 1144 132 1196 225
174 1118 220 1180 At
237 1117 368 1180 subitae
386 1115 539 1179 horrifico
557 1117 654 1198 lapsu
672 1117 714 1180 de
730 1118 899 1181 montibus
916 1119 1036 1182 adsunt

175 1223 349 1306 Harpyiae
366 1230 400 1284 et
417 1219 547 1301 magnis
565 1220 718 1303 quatiunt
735 1222 947 1304 clangoribus
963 1223 1042 1298 alas

175 1326 414 1407 Diripiuntque
432 1325 536 1405 dapes
553 1334 777 1408 contactuque
794 1326 905 1390 omnia
921 1327 1059 1390 foedant

175 1431 373 1505 Immund0;
399 1439 470 1493 tum
487 1450 549 1492 vox
566 1439 710 1494 taetrum
727 1431 798 1494 dira
813 1432 900 1494 inter
916 1432 1060 1494 odorem.

174 1537 321 1599 Rursum
338 1537 372 1596 in
391 1554 526 1598 secessu
543 1535 641 1616 longo
660 1535 722 1598 sub
739 1555 822 1617 rupe
838 1544 955 1598 cavata

87 1668 135 1718 230
175 1639 363 1703 Arboribus
380 1639 494 1701 clausa
511 1640 634 1702 circum
653 1649 753 1721 atque
770 1640 981 1702 horrentibus
998 1638 1132 1715 umbris

176 1744 376 1807 Instruimus
394 1763 526 1806 mensas
544 1743 675 1825 arisque
693 1744 886 1825 reponimus
902 1744 1033 1825 ignem;

176 1850 321 1911 Rursum
339 1868 379 1910 ex
396 1847 527 1910 diverso
546 1848 628 1910 caeli
646 1847 820 1930 caecisque
839 1848 973 1911 latebris

157 1974 158 1978 ¹
174 1953 288 2016 Turba
303 1972 429 2015 sonans
446 1942 604 2034 praedam
623 1952 764 2034 pedibus
782 1952 997 2016 circumvolat
1014 1953 1117 2027 uncis,

176 2058 295 2120 Polluit
311 2077 368 2120 ore
386 2056 499 2136 dapes
549 2056 655 2120 Sociis
673 2066 761 2132 tunc,
781 2073 873 2118 arma
888 2065 1075 2137 capessant,
1126 2057 1129 2062 '

90 2189 134 2241 ²35
177 2161 290 2236 Edico,
309 2171 342 2223 et
359 2160 432 2223 dira
448 2160 571 2224 bellum
588 2181 661 2224 cum
680 2171 780 2242 gente
797 2161 988 2242 gerendum.

176 2265 279 2328 Haud
295 2285 392 2328 secus
410 2285 448 2328 ac
466 2264 546 2328 iussi
564 2265 701 2341 faciunt,
721 2275 894 2348 tectosque
911 2285 971 2346 per
987 2263 1124 2327 herbam

176 2370 370 2452 Disponunt
387 2389 486 2432 enses
503 2379 537 2432 et
553 2378 648 2433 scuta
665 2370 802 2432 latentia
819 2369 975 2432 condunt.

175 2475 267 2556 Ergo
284 2473 342 2536 ubi
358 2474 516 2555 delapsae
534 2474 679 2537 sonitum
697 2494 756 2555 per
772 2494 874 2537 curva
890 2473 1012 2536 dedere

176 2579 298 2655 Litora,
318 2579 376 2641 dat
395 2579 526 2660 signum
545 2575 680 2661 s'pecula
699 2580 850 2641 Misenus
867 2578 908 2640 ab
925 2579 991 2640 alta

88 2711 133 2758 240
174 2685 266 2747 Aere
283 2703 374 2747 cavo.
431 2684 600 2746 Invadunt
618 2682 708 2758 socii,
725 2692 757 2745 et
774 2703 861 2745 nova
878 2682 1002 2762 proelia
1018 2689 1193 2764 temptant,

175 2789 350 2853 Obscenas
367 2789 478 2870 pelagi
495 2789 584 2852 ferro
603 2788 739 2851 foedare
755 2787 916 2850 volueres.

176 2893 243 2958 Sed
261 2914 368 2974 neque
384 2895 450 2955 vim
468 2894 589 2974 plumis
607 2892 707 2954 ullam
726 2911 787 2955 nec
803 2891 941 2954 vulnera
956 2899 1052 2971 tergo

176 2997 368 3079 Accipiunt,
387 2998 551 3080 celerique
567 2999 651 3078 fuga
667 2996 729 3061 sub
748 2996 856 3058 sidera
872 2995 986 3076 lapsae

176 3103 348 3167 Semesam
366 3104 525 3184 praedam
541 3112 574 3166 et
589 3103 730 3183 vestigia
747 3100 847 3164 foeda
862 3099 1061 3180 relinquunt.

88 3234 133 3286 ²45
222 3209 300 3272 Una
316 3207 349 3269 in
367 3208 537 3288 praecelsa
555 3207 705 3270 consedit
722 3226 805 3287 rupe
824 3205 977 3279 Celaeno,

178 3311 300 3375 infelix
315 3321 419 3386 vates,
437 3313 627 3393 rumpitque
645 3311 730 3373 hanc
749 3319 884 3392 pectore
900 3328 1035 3371 vocem:

177 3415 335 3478 “Bellum
354 3417 453 3477 etiam
470 3435 529 3496 pro
546 3415 648 3478 caede
664 3415 764 3477 boum
784 3413 961 3494 stratisque
978 3409 1133 3486 iuvencis,

144 3577 153 3588 ,
178 3519 492 3594 Laomedontiadae,
510 3519 678 3582 bellumne
695 3519 818 3581 inferre
836 3517 961 3598 paratis

178 3624 222 3686 Et
239 3624 345 3704 patrio
364 3623 533 3708 Harpyias
551 3623 699 3686 insontes
716 3623 841 3703 pellere
859 3620 986 3702 regno?

92 3754 135 3806 250
178 3727 332 3808 Accipite
349 3747 429 3808 ergo
447 3728 565 3790 animis
583 3737 682 3809 atque
699 3729 781 3789 haec
799 3745 872 3787 mea
889 3726 979 3805 figite
997 3723 1094 3798 dicta,

178 3832 274 3914 Quae
292 3831 425 3893 Phoebo
445 3841 540 3912 pater
560 3831 779 3912 omnipotens
798 3829 879 3889 mihi
898 3827 1052 3890 Phoebus
1069 3825 1193 3906 Apollo
