2816 4282
202 334 265 398 270
558 327 717 380 VERGILI
743 329 942 382 AENElDOS

286 503 423 567 Talibus
441 514 473 567 et
490 505 586 567 dictis
603 507 626 568 it
644 506 863 569 contradicta
886 508 1020 591 tyranni

288 608 389 670 “Aut
405 608 598 690 spoliisego
615 611 678 671 iam
697 610 800 691 raptis
818 611 977 674 laudabor
994 613 1123 694 opimis,

198 737 247 788 450
286 713 358 775 Aut
374 713 439 775 leto
456 712 597 793 insigni;
622 713 701 776 sorti
719 724 813 795 pater
829 735 955 797 aequus
971 716 1102 798 utrique
1120 728 1181 781 est.

286 817 380 879 Tolle
398 817 535 878 minas.'’
583 817 686 879 Fatus
704 818 847 880 medium
867 820 1015 899 procedit
1031 821 1062 882 in
1082 841 1219 904 aequor.

287 921 443 1002 Frigidus
459 920 649 984 Arcadibus
665 921 731 985 coit
747 923 779 983 in
797 924 991 1004 praecordia
1007 927 1155 1006 sanguis.

332 1027 475 1088 Desiluit
491 1025 625 1088 Turnus
641 1026 779 1107 biiugis;
805 1027 908 1107 pedes
924 1040 1065 1110 apparat
1082 1029 1129 1092 ire

287 1130 490 1193 Comminus.
539 1132 653 1212 thue
671 1131 731 1205 leo,
750 1132 885 1212 specula
902 1153 977 1195 cum
994 1133 1075 1195 vidit
1091 1133 1135 1195 ab
1152 1135 1220 1196 alta

199 1257 246 1310 455
287 1235 383 1298 Stare
400 1235 515 1316 procul
532 1235 658 1316 campis
676 1236 891 1310 meditantem
908 1238 942 1298 in
961 1237 1086 1318 proelia
1103 1247 1247 1311 taurum,

286 1339 451 1402 Advolat:
476 1339 564 1402 haud
582 1340 646 1401 alia
662 1350 713 1402 est
730 1342 834 1402 Turni
850 1341 1014 1403 venientis
1030 1342 1153 1422 imago.

288 1443 390 1505 Hunc
407 1443 461 1505 ubi
478 1444 671 1524 contiguum
689 1445 809 1506 missae
827 1445 898 1506 lore
915 1445 1054 1507 credidit
1070 1446 1200 1521 hastae,

288 1548 341 1610 Ire
360 1547 448 1628 prior
465 1547 582 1621 Pallas,
601 1548 626 1609 si
645 1569 710 1629 qua
727 1549 796 1610 fors
813 1549 949 1611 adiuvet
966 1569 1083 1611 ausum

287 1651 421 1713 Viribus
437 1651 628 1732 imparibus
646 1671 871 1734 magnumque
888 1652 933 1715 ita
949 1653 991 1714 ad
1008 1654 1147 1716 aethera
1164 1653 1254 1716 latur

199 1767 248 1826 460
289 1755 380 1818 “Per
397 1756 499 1836 patris
515 1756 694 1837 hospitium
712 1766 745 1818 et
761 1777 903 1831 mensaS,
922 1778 1004 1838 quas
1021 1757 1153 1820 advena
1170 1756 1276 1832 adisti,

286 1861 336 1922 Te
354 1880 477 1940 precor,
495 1860 623 1935 Alcide,
643 1860 768 1941 coeptis
784 1861 975 1942 ingentibus
991 1861 1086 1923 adsis.

287 1965 411 2027 Cernat
427 1965 585 2027 semineci
602 1965 662 2026 sibi
681 1985 732 2026 me
748 1985 865 2046 rapere
883 1986 974 2027 arma
991 1975 1138 2039 cruenta,

286 2069 522 2150 Victoremque
539 2070 650 2131 ferant
666 2068 840 2131 morientia
857 2069 982 2130 lumina
998 2069 1135 2131 Turni.'’

288 2171 405 2234 Audiit
422 2172 559 2235 Alcides
575 2173 738 2247 iuvenem,
757 2193 983 2254 magnumque
1000 2173 1061 2234 sub
1077 2173 1144 2235 imo

199 2288 246 2351 465
288 2275 397 2339 Corde
415 2277 534 2358 premit
550 2278 709 2357 gemitum
727 2277 945 2359 lacrimasque
962 2276 1106 2339 effundit
1122 2277 1251 2341 inanes.

331 2381 417 2442 Tum
435 2381 573 2444 Genitor
588 2390 702 2442 natum
720 2381 815 2444 dictis
832 2381 966 2443 adfatur
982 2380 1114 2442 amicis:

288 2485 393 2549 “Stat
409 2505 469 2547 sua
485 2486 603 2567 cuique
620 2485 709 2560 dies;
732 2485 832 2547 breve
848 2495 882 2547 et
897 2484 1118 2566 inreparabile
1135 2494 1273 2567 tempus

287 2588 452 2653 Omnibus
469 2598 519 2650 est
535 2589 640 2665 vitae;
665 2589 722 2650 sed
740 2590 864 2651 famam
881 2589 1059 2652 extendere
1076 2589 1185 2664 lactis,

290 2694 365 2756 Hoc
381 2693 511 2755 virtutis
528 2713 622 2774 opus,
669 2694 789 2756 Troiae
806 2693 868 2754 sub
885 2692 1059 2755 moenibus
1077 2692 1152 2755 altis

200 2822 249 2872 470
288 2798 353 2860 Tot
369 2799 462 2878 gnati
478 2797 627 2860 cecidere
644 2798 761 2871 deum;
786 2797 865 2878 quin
882 2797 1001 2860 occidit
1020 2816 1086 2859 una

289 2901 471 2982 Sarpedon,
489 2921 564 2963 mea
581 2903 767 2982 progenies
817 2902 926 2964 Etiam
945 2922 1004 2964 sua
1022 2902 1174 2962 Turnum

289 3006 373 3067 Fata
388 3014 519 3080 vocant,
538 3015 710 3086 metasque
727 3005 795 3066 dati
812 3004 964 3086 pervenit
981 3005 1022 3066 ad
1039 3003 1143 3067 aevi.''

290 3110 344 3173 Sic
361 3110 415 3183 ait,
434 3119 533 3190 atque
550 3110 664 3172 oculos
686 3109 884 3171 Rutulorum
902 3109 995 3171 reicit
1011 3109 1106 3171 arvis.

332 3213 380 3275 At
398 3213 505 3275 Pallas
522 3214 652 3294 magnis
668 3213 788 3275 emittit
803 3213 928 3276 viribus
945 3214 1085 3288 hastam,

201 3341 248 3391 475
288 3317 487 3399 Vaginaque
505 3338 586 3380 cava
602 3318 786 3399 fulgentem
805 3318 925 3400 deripit
941 3338 1064 3380 ensem.

290 3421 352 3483 Illa
367 3423 493 3496 volans,
511 3423 615 3484 umeri
632 3432 773 3503 surgunt
789 3410 855 3504 qua
870 3424 1019 3503 tegmina
1036 3440 1173 3495 summa,

265 3575 268 3583 .
290 3526 419 3602 Incidit,
438 3537 537 3608 atque
553 3528 639 3588 viam
658 3526 754 3608 clipei
771 3527 885 3589 molita
902 3547 1061 3608 peroras,

290 3630 441 3693 Tandem
458 3631 557 3693 etiam
575 3650 698 3711 magno
716 3632 845 3693 strinxit
861 3631 902 3694 de
919 3651 1058 3712 corpore
1074 3630 1188 3692 Turni.

291 3734 358 3796 Hic
374 3735 508 3796 Turnus
525 3735 613 3796 ferro
631 3735 812 3815 praefixum
831 3734 1044 3797 robur-acuto

203 3817 252 3908 486
293 3837 333 3898 In
352 3837 502 3900 Pallanta
518 3838 573 3899 diu
590 3837 714 3900 librans
730 3838 816 3912 iacit,
835 3848 934 3920 atque
951 3839 996 3902 ita
1012 3839 1120 3900 fatur:
