2822 4294
233 277 277 337 66
597 282 753 334 VERGILI
780 281 979 334 AENEIDOS

325 461 453 543 Incipio
469 481 569 544 super
585 463 655 524 his:
681 467 699 493 ‘⁶
712 463 865 536 Iuvenes,
882 460 1061 524 fortissima
1078 461 1201 523 frustra

323 565 470 640 Pectora,
489 575 516 628 si
531 566 624 628 vobis
641 566 819 628 audentem
836 573 983 628 extrema
1005 566 1125 647 cupido

234 697 280 748 350
322 670 421 734 Certa
438 679 680 753 sequi—quae
697 669 738 733 sit
755 670 852 732 rebus
869 671 1004 733 fortuna
1019 669 1156 732 videtis:

323 774 504 837 Excessere
521 782 645 850 omnes,
665 775 774 859 adytis
790 782 922 857 arisque
939 775 1069 848 relictis

323 880 375 954 Dr,
393 879 513 961 quibus
529 879 704 961 imperium
722 880 784 942 hoc
801 889 956 954 steterat;
981 878 1170 941 succurritis
1187 877 1255 941 urbi

322 984 536 1046 Incensae—
547 984 733 1060 moriamur,
748 994 780 1046 et
797 984 830 1046 in
848 984 958 1047 media
973 1004 1064 1045 arma
1080 990 1222 1044 ruamus

322 1072 400 1152 Una
416 1089 505 1151 salus
521 1090 625 1164 victis,
643 1089 768 1150 nullam
786 1095 919 1170 sperare
937 1087 1108 1150 salutem.''

365 1193 420 1257 Sic
437 1193 554 1255 animis
570 1193 727 1255 iuvenum
744 1193 836 1255 furor
852 1191 992 1254 additus
1043 1191 1126 1254 Inde
1142 1191 1212 1272 lupi
1227 1211 1282 1254 ceu

323 1298 488 1378 Raptores
504 1304 574 1360 atra
590 1299 623 1359 in
641 1297 771 1372 nebula,
788 1305 870 1379 quos
886 1296 1036 1378 improba
1051 1295 1175 1357 ventris

323 1402 442 1482 Exegit
458 1410 576 1465 caecos
592 1402 708 1476 rabies,
727 1402 893 1484 catulique
909 1400 1014 1463 relicti

322 1506 489 1569 Faucibus
505 1516 700 1588 exspectant
717 1506 821 1582 siccis
840 1525 899 1587 per
914 1505 988 1580 tela,
1006 1525 1065 1587 per
1081 1506 1193 1567 hostes

320 1610 483 1673 Vadimus
500 1611 589 1673 haud
607 1610 742 1673 dubiam
759 1611 793 1672 in
811 1620 959 1685 mortem,
974 1608 1168 1691 mediaeque
1185 1615 1326 1671 tenemus

322 1714 425 1778 Urbis
441 1714 519 1790 iter;
537 1735 602 1778 nox
619 1722 690 1777 atra
706 1722 787 1777 cava
804 1714 1018 1777 circumvolat
1034 1713 1158 1775 umbra.

322 1818 406 1900 Quis
423 1819 549 1882 cladem
568 1819 654 1881 illius
672 1819 787 1894 noctis
806 1818 880 1901 quis
896 1820 1015 1881 funera
1032 1817 1136 1879 fando

323 1923 484 2005 Explicet,
502 1933 559 1986 aut
575 1924 680 2005 possit
697 1923 840 1985 lacrimis
857 1929 999 2004 aequare
1016 1921 1168 1984 labores?

323 2027 413 2090 Urbs
430 2037 566 2109 antiqua
583 2028 655 2101 ruit,
674 2028 795 2089 multos
811 2027 981 2090 dominata
998 2046 1057 2107 per
1072 2033 1197 2102 ann6s3

324 2122 466 2193 Plurima
483 2152 609 2214 perque
625 2131 696 2194 vias
713 2140 905 2194 sternuntur
922 2130 1039 2193 inertia
1055 2129 1179 2212 passim

323 2234 472 2316 Corpora
488 2256 614 2322 perque
632 2237 748 2298 domos
764 2246 797 2299 et
813 2235 966 2316 religiosa
982 2235 1118 2297 deorum

323 2339 462 2402 Limina.
513 2341 584 2402 Nec
602 2341 663 2402 soli
680 2347 804 2421 poenas
817 2340 899 2402 dant
914 2338 1077 2420 sanguine
1093 2338 1234 2414 Teucri;

323 2444 501 2526 Quondam
519 2445 618 2507 etiam
635 2445 731 2507 victis
748 2445 831 2507 redit
847 2443 881 2506 in
898 2443 1091 2525 praecordia
1106 2443 1210 2504 virtus

322 2548 541 2630 Victoresque
558 2549 682 2611 cadunt
700 2550 818 2611 Danai.
867 2546 1018 2611 Crudelis
1035 2545 1157 2628 ubique

324 2652 460 2728 Luctus,
479 2652 601 2735 ubique
619 2673 729 2734 pavor,
747 2662 780 2714 et
794 2653 935 2734 plurima
953 2650 1067 2714 mortis
1083 2649 1202 2731 imago.

369 2757 496 2819 Primus
514 2765 548 2819 se
567 2758 732 2832 Danaum,
751 2763 874 2837 magni
891 2755 1069 2818 comitante
1084 2761 1227 2828 caterva,

324 2860 525 2942 Androgeos
541 2861 642 2923 offert
657 2861 761 2935 nobis,
780 2861 869 2922 socia
885 2858 1020 2940 agmina
1036 2858 1174 2920 credens

324 2949 463 3040 inscius
481 2975 580 3046 atque
598 2966 685 3027 ultro
701 2964 810 3027 verbis
827 2964 1005 3045 compellat
1023 2971 1155 3025 amieis:

326 3073 343 3098 “
356 3069 535 3142 Festinato,
549 3069 618 3132 viri.
668 3070 755 3132 Nam
772 3088 857 3150 quae
873 3078 941 3130 tam
959 3074 1032 3129 sera
1048 3065 1195 3128 moratur

279 3207 283 3213 ·
326 3173 514 3254 Segnities?
539 3173 593 3235 am
609 3175 743 3255 rapiunt
758 3172 894 3236 incensa
911 3173 1089 3252 feruntque

327 3277 505 3357 Pergama;
530 3285 589 3340 vos
606 3279 702 3340 celsis
719 3298 807 3340 nunc
825 3287 966 3360 primum
984 3283 1003 3338 a
1020 3273 1158 3336 navibus
1175 3274 1260 3337 itis''

327 3380 426 3456 Dixit,
444 3391 477 3444 et
493 3382 660 3464 extemplo
673 3380 799 3464 (neque
815 3380 904 3443 enim
921 3387 1081 3461 responsa
1097 3378 1264 3440 dabantur

327 3484 410 3546 Fida
427 3485 523 3566 satis)
538 3486 640 3548 sensit
657 3486 783 3548 medios
800 3486 957 3566 delapsus
974 3483 1007 3546 in
1021 3484 1142 3545 hostes,

326 3587 506 3668 Obstipuit,
524 3597 678 3671 retroque
695 3589 814 3670 pedem
832 3609 907 3651 cum
924 3596 1005 3651 voce
1022 3587 1189 3668 repressit,

329 3691 549 3769 Improvisum
567 3701 673 3772 aspris
689 3692 791 3755 veluti
807 3702 862 3775 qui
880 3691 1027 3754 sentibus
1045 3710 1188 3771 anguem

241 3804 288 3868 380
327 3791 451 3885 ¹Pressit
467 3792 558 3854 humi
574 3801 692 3868 nitens,
709 3795 924 3877 trepidusque
941 3804 1079 3877 repente
1095 3794 1221 3876 refugit
