2816 4282
108 367 111 374 ⁴
185 282 247 363 326
543 285 700 339 VERG1L1
726 285 926 340 Aruernos
982 271 995 340 “.

182 494 211 542 41
216 492 230 545 ς
271 466 440 542 Gramina,
457 486 534 529 cum
551 475 646 547 tergo
661 465 814 528 volucres
831 466 970 529 haesere
987 467 1138 548 sagittae.

272 573 347 635 Hoc
365 573 491 646 Venus,
509 569 648 632 obscuro
665 568 785 632 faciem
801 571 1005 633 circumdata
1022 571 1145 648 nimbo,

272 676 418 752 Detulit;
444 676 507 737 hoc
524 674 637 736 iusum
654 673 754 736 labris
772 673 1028 756 splendentibus
1044 697 1176 740 amnem

270 781 389 856 Inficit,
408 779 536 843 occulte
553 777 732 854 medicans,
750 779 944 860 spargitque
963 780 1113 843 salubres

271 885 469 948 Ambrosiae
485 903 582 947 sucos
599 892 632 946 et
648 882 848 945 odoriferam
867 903 1060 966 panaceam.

271 979 368 1052 Fovit
385 1009 425 1052 ea
440 989 561 1050 vulnus
577 987 716 1072 lympha
732 987 916 1068 longaevus
932 989 1041 1072 Iapyx

271 1093 444 1175 Ignorans,
463 1091 637 1173 subitoque
654 1091 760 1154 omnis
777 1091 818 1154 de
834 1112 972 1172 corpore
989 1092 1076 1173 fugit

269 1197 404 1280 Quippe
421 1196 523 1270 dolor,
542 1197 649 1257 omnis
666 1195 757 1258 stetit
772 1187 844 1258 imo'
855 1196 992 1258 vulnere
1008 1197 1158 1276 sanguis,

272 1303 409 1382 lamque
426 1310 541 1363 secuta
557 1319 703 1375 manum,
721 1299 813 1362 nullo
829 1310 979 1382 cogente,
997 1301 1119 1381 sagitta

271 1404 409 1480 Excidit,
427 1412 527 1485 atque
543 1424 649 1467 novae
665 1403 792 1466 rediere
807 1404 842 1466 in
858 1404 997 1486 pristina
1012 1403 1107 1467 vires.

270 1515 288 1542 “
300 1509 406 1572 Arma
423 1507 478 1571 citi
495 1517 671 1589 properate
686 1491 757 1571 viro
769 1508 785 1592 l
801 1508 879 1590 quid
895 1508 1013 1571 statis?
1024 1507 1042 1533 ”
1091 1509 1199 1594 iapyx

269 1612 473 1688 Conclamat,
491 1613 684 1694 primusque
700 1612 829 1677 animos
845 1612 997 1676 accendit
1013 1612 1046 1675 in
1063 1614 1204 1678 hostem.

270 1724 287 1750 “
301 1718 377 1780 Non
396 1717 479 1779 haec
496 1715 651 1779 humanis
667 1716 796 1798 opibus,
814 1737 879 1780 non
897 1727 968 1780 arte
985 1719 1144 1798 magistra

269 1820 480 1895 Proveniant,
498 1840 607 1902 neque
622 1829 666 1895 te,
683 1821 811 1895 Aenea,
829 1841 903 1883 mea
919 1821 1054 1884 dextera
1069 1833 1199 1899 servat3

271 1926 377 1988 Maior
394 1926 464 2006 agit
480 1925 563 1987 deus
580 1933 679 2007 atque
696 1944 798 2006 opera
814 1925 856 1987 ad
873 1925 997 1988 maiora
1013 1925 1182 1989 remittit.”

268 2030 328 2093 ille
345 2029 461 2092 avidus
478 2047 612 2110 pugnae
629 2049 724 2091 suras
740 2029 919 2093 incluserat
934 2049 1014 2093 auro

271 2134 360 2197 Hinc
376 2143 476 2216 atque
493 2133 579 2207 hinc,
597 2133 732 2214 oditque
749 2153 869 2208 morae,
887 2134 1083 2218 hastamque
1099 2146 1259 2199 coruscat.

313 2240 492 2320 Postquam
509 2237 629 2299 habilis
645 2236 739 2299 lateri
757 2237 883 2318 clipeus
900 2238 1066 2320 loricaque
1082 2249 1177 2320 tergo
1194 2250 1252 2312 est,

268 2341 453 2405 Ascanium
470 2340 555 2404 fusis
571 2341 695 2404 circum
713 2341 942 2422 complectitur
959 2342 1069 2417 armis

270 2446 473 2527 Summaque
490 2432 550 2527 per
565 2446 696 2526 galeam
713 2445 863 2508 delibans
880 2446 993 2508 oscula
1008 2445 1116 2509 latur:
1162 2497 1167 2508 .

269 2556 286 2581 “
299 2550 410 2624 Disce,
429 2570 520 2630 puer,
537 2549 691 2612 virtutem
709 2569 748 2611 ex
766 2570 818 2613 me
834 2569 1015 2631 verumque
1031 2549 1187 2626 laborem,

271 2654 452 2717 Fortunam
469 2673 508 2716 ex
526 2652 606 2715 aliis.
657 2653 756 2716 Nunc
772 2660 805 2715 te
822 2672 895 2715 mea
911 2653 1046 2718 dextera
1061 2653 1149 2724 bello

272 2758 458 2820 Defensum
477 2757 577 2833 dabit,
595 2767 629 2820 et
645 2777 768 2838 magna
784 2757 869 2820 inter
885 2757 1033 2839 praemia
1048 2758 1147 2823 ducet
1157 2780 1165 2835 ;

270 2862 322 2924 Tu
339 2861 449 2937 facito,
468 2882 543 2924 mox
560 2880 635 2924 cum
653 2871 782 2925 matura
798 2861 979 2924 adoleverit
996 2872 1097 2936 aetas,
1131 2847 1134 2854 ¹

271 2965 323 3030 Sis
340 2985 476 3041 memor,
493 2975 527 3028 et
543 2975 576 3028 te
592 2967 703 3029 animo
721 2975 927 3047 repetentem
945 2965 1096 3047 exempla
1112 2977 1243 3030 tuorum

271 3071 315 3132 Et
330 3080 425 3152 pater
440 3070 578 3133 Aeneas
593 3069 827 3133 et'avunculus
841 3070 961 3134 excitet
979 3072 1136 3134 Hector.''

315 3174 410 3237 Haec
427 3174 484 3237 ubi
499 3174 587 3237 dicta
604 3174 704 3250 dedit,
721 3173 826 3256 portis
842 3195 916 3238 sese
932 3175 1047 3239 extulit
1063 3175 1190 3257 ingens,

270 3279 390 3342 Telum
407 3279 551 3342 immane
570 3299 669 3341 manu
685 3279 859 3361 quatiens;
883 3280 980 3342 simul
997 3272 1130 3361 agmine
1146 3280 1249 3343 denso

271 3382 495 3466 Antheusque
513 3384 776 3466 Mnestheusque
792 3393 901 3459 ruunt,
919 3385 1093 3467 omnisque
1109 3383 1231 3454 relictis

271 3487 385 3550 Turba
401 3488 473 3552 fluit
488 3489 613 3553 castris.
661 3489 747 3551 Tum
764 3508 864 3552 caeco
880 3489 1017 3571 pulvere
1033 3508 1170 3570 campus

182 3610 231 3664 445
272 3594 442 3669 Miscetur,
461 3593 624 3675 pulsuque
641 3593 765 3674 pedum
781 3593 891 3656 tremit
907 3595 1015 3656 excita
1030 3592 1137 3656 tellus.

271 3698 363 3760 Vidit
379 3697 421 3760 ab
438 3698 577 3760 adverso
593 3688 766 3761 venientes
781 3717 906 3778 aggere
922 3698 1065 3772 Turnus,

271 3801 394 3864 Videre
411 3801 563 3876 Ausonii,
581 3802 778 3883 gelidusque
795 3821 854 3883 per
871 3801 937 3864 ima
953 3800 1096 3865 cucurrit
