2822 4294
465 267 578 318 LIBER
605 266 810 320 SECUNDUS

165 447 245 511 Cum
263 447 364 510 sociis
381 447 505 508 ardent
522 445 641 520 animi3
667 447 759 508 furor
774 457 889 528 iraque
906 457 1050 510 mentem

166 551 400 634 Praecipitant,
420 552 663 632 pulchrumque
681 561 762 613 mori
780 551 940 613 succurrit
958 551 989 612 in
1008 562 1115 613 armis

207 657 296 718 Ecce
314 665 431 718 autem
450 655 523 716 telis
542 656 691 717 Panthus
708 657 840 736 elapsus
857 656 1034 731 Achivum,

165 761 313 822 Panthus
332 759 537 843 Othryadas
556 759 640 822 arcis
660 759 850 841 Phoebique
868 760 1030 834 sacerdas,

83 892 126 942 320
165 865 266 929 Sacra
284 871 388 926 mana
407 865 579 946 victasque
596 864 676 926 deos
694 885 899 946 parvumque
917 872 1073 946 nepatem

166 970 243 1050 Ipse
260 971 373 1045 trahit,
392 975 559 1050 cursuque
576 975 691 1030 amens
708 969 749 1031 ad
767 967 880 1031 limina
896 968 1011 1032 tendit.

166 1075 271 1155 “Qua
304 1081 357 1136 res
396 1092 526 1135 summa
559 1073 641 1148 loca,
676 1074 830 1136 Pantha?
861 1093 960 1155 quam
992 1074 1185 1156 prendimus

251 1177 418 1241 arcem?”

165 1283 228 1344 Vix
244 1303 285 1345 ea
297 1283 389 1345 fatus
406 1302 507 1357 eram,
525 1282 652 1363 gemita
670 1303 744 1346 cum
762 1283 840 1344 talia
857 1283 985 1345 reddit:

211 1393 228 1419 ‘¹
241 1388 342 1450 Vanit
360 1407 491 1448 summa
507 1387 576 1448 dies
593 1396 627 1448 et
642 1387 853 1450 inalactabile
869 1397 1002 1469 tempus

80 1520 123 1570 325
168 1491 369 1555 Dardaniae.
421 1491 559 1554 Fuimus
576 1493 690 1565 Troes,
709 1492 772 1554 fuit
787 1477 883 1554 ilium
901 1501 934 1554 et
949 1491 1068 1572 ingans

165 1596 278 1660 Glaria
295 1597 520 1672 Teucrar'um3
545 1597 638 1658 ferus
654 1596 765 1658 omnia
785 1595 937 1678 Iuppiter
954 1597 1065 1678 Argas

164 1701 369 1776 Transtulit;
394 1699 531 1762 incensa
549 1701 660 1762 Danai
676 1700 888 1763 dominantur
901 1701 934 1762 in
952 1700 1041 1763 urbe.

166 1806 304 1868 Arduus
321 1811 467 1866 armatos
485 1805 601 1867 mediis
618 1805 651 1866 in
666 1804 842 1868 moenibus
859 1805 996 1866 adstans

167 1909 292 1972 Fundit
307 1929 424 1990 equus,
442 1909 612 1990 victorque
630 1909 732 1973 Sinan
751 1909 904 1972 incendia
921 1910 1036 1970 miscet

80 2042 126 2091 330
168 2014 347 2076 Insultans.
399 2014 503 2075 Portis
521 2015 576 2075 alii
592 2012 817 2094 bipatentibus
834 2013 965 2088 adsunt,

167 2119 260 2180 Milia
277 2128 357 2199 quot
376 2125 506 2196 magnis
524 2138 681 2199 umquam
697 2125 818 2179 vanare
838 2119 990 2200 Mycenis
1001 2138 1008 2192 ;
1031 2193 1033 2197 ,
1080 2127 1081 2132 ’

166 2223 338 2285 Obsedare
357 2221 500 2284 alitteris
518 2231 661 2302 angusta
677 2224 804 2284 viarum

165 2327 343 2409 Opposita,
370 2335 434 2388 stat
451 2326 529 2388 ferri
546 2327 634 2388 acies
651 2334 807 2388 macrane
825 2334 963 2388 corusca

165 2430 295 2506 Stricta,
315 2438 432 2512 parata
449 2440 540 2506 neci;
565 2432 618 2492 vix
635 2441 732 2512 primi
748 2431 873 2513 proelia
889 2440 1054 2511 temptant

80 2561 124 2613 335
167 2536 340 2598 Portarum
359 2534 485 2615 vigiles
504 2544 536 2598 et
554 2542 653 2598 caeca
672 2535 780 2598 Marte
798 2534 987 2597 resistunt.''

209 2639 349 2701 Talibus
367 2639 562 2723 Othryadae
579 2639 674 2702 dictis
691 2649 723 2702 et
740 2639 875 2701 numine
892 2639 1003 2700 divum

165 2745 206 2806 In
223 2743 376 2805 flammas
393 2753 425 2805 et
438 2743 470 2804 in
488 2765 580 2806 arma
596 2744 695 2818 feror,
713 2751 779 2825 quo
794 2743 896 2806 tristis
915 2744 1044 2827 Erinys,

166 2847 245 2928 Qua
261 2847 414 2910 fremitus
431 2857 527 2910 vocat
544 2859 576 2911 et
594 2849 743 2910 sublatus
759 2848 801 2909 ad
818 2848 954 2910 aethera
971 2847 1104 2910 elamor.

165 2952 309 3014 Addunt
326 2959 363 3014 sa
379 2952 486 3014 socias
504 2954 656 3034 Ripheus
673 2962 706 3029 et
723 2952 884 3015 maximus
901 2963 1000 3014 armis

77 3085 123 3134 340
167 3041 310 3140 Epytus,
329 3056 431 3119 oblati
448 3077 506 3138 per
523 3058 646 3133 binam,
667 3057 889 3141 Hypanisque
909 3058 1111 3140 Dymasque,

168 3161 212 3222 Et
230 3161 324 3224 lateri
339 3162 571 3242 agglomerant
588 3170 710 3236 nostra,
729 3161 924 3242 iuvenisque
942 3159 1133 3234 Coroebus,

169 3265 404 3349 Mygdonidas
454 3266 522 3328 illis
539 3267 581 3329 ad
598 3267 731 3330 Traiam
750 3266 836 3328 forte
853 3264 969 3327 diebus

166 3371 324 3444 Venerat,
342 3376 460 3432 insana
477 3371 687 3434 Cassandrae
704 3372 859 3433 incansus
877 3376 997 3444 amare,

170 3474 214 3536 Et
230 3495 334 3554 gener
351 3474 506 3538 auxilium
526 3477 655 3537 Priamo
675 3474 927 3558 Phrygibusque
945 3471 1082 3548 ierabat,

81 3605 125 3657 345
168 3563 300 3651 infelix,
320 3587 377 3660 qui
393 3587 457 3640 nan
476 3587 619 3660 spansae
637 3587 817 3660 praecepta
834 3578 976 3640 furentis

168 3682 334 3752 Audierit.

169 3787 263 3869 Quas
280 3785 338 3849 ubi
355 3787 522 3851 canfertas
540 3788 662 3851 audere
678 3790 712 3849 in
729 3785 854 3869 proelia
870 3786 945 3860 vidi,

254 3900 373 3948 raiaza’s
386 3910 488 3946 nauum
497 3927 528 3934 -
538 3911 551 3964 5
