2822 4294
512 295 627 346 LIBER
653 295 799 348 PRIMUS
1170 305 1203 370 51

187 475 308 536 Passus
328 493 424 536 amor
437 473 641 554 -rapidum
662 473 703 536 ad
726 479 828 536 nives
844 474 1025 556 praemittit
1041 476 1206 549 Achaten,

105 592 149 656 655
188 577 338 641 Ascanio
353 578 445 640 ierat
463 578 554 652 haec,
572 577 748 660 ipsumque
766 578 808 640 ad
825 579 956 641 moenia
972 579 1090 655 ducat;

189 681 308 746 Omnis
324 683 359 744 in
377 681 529 744 Ascanio
545 688 612 744 cari
628 690 693 744 stat
710 688 790 743 cura
806 684 962 764 parentis.

191 788 332 849 Munera
351 792 535 868 praeterea,
555 770 664 848 iliacis
681 791 796 867 erepta
813 796 923 862 ruinis,

191 891 292 954 Ferre
309 889 412 963 iubet,
432 889 554 970 pallam
572 899 676 970 signis
693 897 839 972 auroque
856 891 1028 973 rigentem,

192 995 236 1057 Et
251 994 506 1056 circumtextum
525 1001 641 1056 croceo
657 994 808 1056 velamen
826 997 978 1071 acantho,

105 1112 153 1177 650
191 1083 341 1163 Ornatus
359 1100 510 1180 Argivae
529 1099 691 1176 Helenae,
709 1107 792 1182 quos
808 1100 863 1162 illa
881 1102 1041 1185 Mycenis,

193 1205 355 1283 Pergama
372 1223 448 1266 cum
467 1213 593 1284 peteret
611 1203 891 1287 inconcessosque
909 1206 1135 1290 Hymenaeis,

194 1308 377 1384 Extulerat‚
395 1309 510 1370 matris
529 1291 641 1371 Ledae
660 1307 806 1372 mirabile
823 1308 946 1372 donum
961 1331 967 1386 ;

194 1416 369 1478 Praeterea
386 1420 564 1495 sceptrum,
580 1397 690 1474 illone
707 1412 795 1494 quod
812 1424 962 1494 gesserat
978 1415 1065 1490 olim,

194 1521 342 1582 Maxima
359 1525 511 1580 natarum
531 1517 659 1592 Priami,
678 1516 828 1598 colloque
845 1518 966 1581 monile

104 1636 151 1702 655
194 1625 365 1698 Bacatum,
383 1632 416 1685 et
433 1621 599 1703 duplicem
619 1631 760 1702 gemmis
776 1630 922 1703 auroque
939 1631 1105 1686 coronam.

195 1728 291 1791 Haec
308 1726 458 1791 celerans
474 1727 535 1788 iter
552 1726 594 1788 ad
613 1732 714 1788 naves
734 1725 890 1788 tendebat
907 1727 1065 1791 Achates.

237 1832 284 1894 At
302 1831 471 1916 Cytherea
486 1837 591 1892 novas
608 1837 704 1904 artes,
722 1850 809 1892 nova
825 1840 960 1912 pectore
976 1842 1086 1894 versat

194 1936 349 2011 Consilia,
367 1945 404 1998 ut
421 1934 539 1997 laciem
557 1941 703 1997 mutatus
719 1944 751 1998 et
768 1942 825 1997 ora
842 1935 972 2016 Cupido

194 2041 256 2103 Pro
271 2040 360 2103 dulci
375 2039 524 2102 Ascanio
539 2039 661 2113 veniat,
680 2039 842 2121 donisque
859 2041 1025 2103 furentem

103 2158 151 2208 660
195 2146 359 2208 Incendat
376 2151 534 2225 reginam,
553 2153 653 2225 atque
670 2143 799 2206 ossibus
815 2142 962 2225 implicet
977 2155 1111 2226 ignem:

159 2327 163 2334 Ι
193 2249 330 2331 Quippe
347 2248 481 2311 domum
498 2247 592 2310 timet
613 2247 803 2328 ambiguam
822 2247 1007 2332 Tyriosque
1024 2233 1209 2333 bilinguem

194 2339 271 2418 Urit
287 2360 380 2416 atrox
398 2353 492 2425 Iuno,
511 2363 544 2414 et
561 2351 622 2414 sub
639 2362 770 2414 noctem
788 2359 867 2415 cura
884 2363 1039 2416 recursat.

194 2458 286 2539 Ergo
303 2458 354 2520 his
370 2456 531 2538 aligerum
549 2456 645 2518 dictis
663 2456 796 2518 adfatur
813 2457 992 2521 Amdrem:

239 2567 256 2593 “
269 2563 368 2636 Nate,
387 2581 480 2624 meae
495 2568 592 2635 vires,
611 2580 684 2623 mea
702 2567 824 2642 maigna
843 2561 991 2643 potentia
1008 2563 1107 2636 solus,

101 2680 149 2746 665
194 2667 293 2742 Nate,
312 2665 415 2748 patris
432 2674 551 2728 summi
568 2674 623 2747 qui
640 2665 707 2729 tela
726 2666 880 2749 Typhoia
896 2666 1026 2741 temniS,

192 2771 250 2834 Ad
267 2778 299 2834 te
316 2771 475 2851 coniugio
491 2779 524 2832 et
541 2770 681 2851 supplex
698 2779 756 2832 tua
772 2769 908 2832 numina
926 2779 1035 2851 posco.

195 2877 312 2938 Frater
328 2885 364 2938 ut
381 2874 516 2938 Aeneas
533 2874 653 2956 pelago
671 2882 747 2936 tuus
764 2872 874 2936 omnia
890 2873 1013 2938 circum

195 2980 309 3042 Litora
325 2978 463 3042 iactitur
479 2977 562 3042 odiis
583 2976 721 3040 lunonis
738 2976 879 3060 iniquae,

195 3084 284 3146 Nota
300 3083 368 3159 tibi,
386 3093 419 3146 et
436 3091 549 3148 nostro
565 3083 699 3147 doluisti
715 3103 815 3165 saepe
832 3083 953 3146 dolore.

102 3203 149 3263 670
195 3188 295 3251 Nunc
312 3187 494 3251 Phoenissa
510 3197 602 3252 tenet
621 3188 708 3251 Dido
720 3187 916 3269 blandisque
934 3195 1079 3252 moratur

191 3292 359 3369 Vocibus;
384 3301 418 3354 et
433 3312 557 3367 vereor,
576 3300 641 3375 quo
658 3299 693 3355 se
712 3293 852 3354 Iunonia
868 3302 998 3356 vertant

166 3415 169 3422 '
194 3397 371 3478 Hospitia;
398 3396 485 3459 haud
502 3404 596 3458 tanto
612 3396 754 3460 cessabit
771 3396 905 3460 cardine
923 3404 1040 3459 rerum.

192 3501 361 3584 Quocirca}
377 3519 496 3581 capere
513 3509 592 3563 ante
608 3501 692 3564 dolis
708 3511 740 3563 et
759 3500 892 3581 cingere
909 3501 1042 3563 flamma
1115 3514 1117 3518 ·

195 3606 361 3687 Reginam
379 3605 527 3679 meditor,
545 3612 587 3668 ne
603 3613 669 3686 quo
685 3612 720 3667 se
737 3603 873 3667 mimine
890 3613 1004 3680 mutet,

104 3723 149 3789 675
192 3709 260 3774 Sed
277 3717 402 3791 magno
418 3709 556 3772 Aeneae
574 3716 701 3772 mecum
719 3714 872 3770 teneatur
889 3717 1010 3772 amore.

192 3813 269 3899 Qua
285 3816 399 3907 iacere
416 3813 448 3876 id
466 3823 582 3896 possiS,
601 3822 747 3877 nostram
762 3832 850 3874 nunc
868 3814 982 3893 accipe
999 3821 1165 3875 mentem:
