2822 4294
197 250 238 328 36
558 256 716 309 VERGILI
742 256 941 310 AENEIDOS

285 437 338 504 Sic
355 444 496 500 cunctus
513 437 623 518 pelagi
639 436 757 498 cecidit
776 437 899 517 fragor,
917 456 1062 518 aequora
1080 447 1259 520 postquam

198 568 241 618 ¹55
285 541 492 622 Prespiciens
509 543 639 622 genitor
655 541 814 622 caeloque
831 540 982 603 invectus
1000 550 1116 623 aperte

284 646 404 708 Flectit
420 654 522 728 equos
539 652 702 725 curruque
719 645 835 707 volens
851 645 910 707 dat
927 646 996 707 iera
1013 647 1168 709 secunde.

328 750 463 812 Defessi
480 737 671 823 Aeneadae,
690 768 775 830 quae
793 749 942 829 proxima
959 751 1063 826 litora,
1082 758 1179 813 cursu

283 849 497 912 Contendunt
515 859 637 929 petere,
656 858 689 910 et
708 848 840 943 Libyae
851 858 1024 912 vertuntur
1041 851 1083 912 ad
1099 858 1182 914 eruis.

286 955 345 1016 Est
362 953 395 1015 in
412 961 543 1016 secessu
562 953 662 1033 longe
679 953 778 1015 locus.
829 954 943 1015 Insula
960 965 1093 1034 portum

198 1071 241 1120 160
286 1057 394 1120 Efficit
411 1045 540 1120 obiectu
559 1058 709 1131 laterum,
728 1057 847 1138 quibus
865 1058 973 1120 omnis
990 1059 1031 1120 ab
1048 1060 1115 1121 alte

285 1163 463 1242 Frangitur
479 1161 577 1243 inque
595 1161 687 1223 sinus
704 1161 823 1223 scindit
841 1169 912 1224 sese
930 1162 1019 1224 unda
1036 1163 1207 1239 reduct6s;

285 1267 373 1328 Hinc
391 1277 490 1348 atque
508 1265 583 1328 hinc
600 1273 715 1328 vestae
732 1273 832 1346 rupes
850 1266 1041 1349 geminique
1058 1267 1224 1330 minantur

285 1372 323 1433 In
341 1372 468 1434 caelum
487 1371 623 1451 scopuli,
642 1378 781 1451 querum
800 1371 862 1432 sub
879 1370 1002 1434 vertice
1019 1373 1084 1434 lete

283 1476 442 1557 Aequora
458 1483 530 1537 teta
547 1475 664 1549 silent;
690 1485 758 1536 tum
778 1475 867 1537 silvis
885 1495 1007 1537 scaena
1023 1486 1169 1538 coruscis

198 1593 241 1658 165
285 1581 439 1660 Desuper
455 1581 668 1660 horrentique
685 1587 792 1641 etrum
811 1600 928 1642 nemus
946 1581 1095 1643 imminet
1112 1579 1247 1655 umbra;

284 1686 408 1746 Fronte
425 1685 486 1746 sub
503 1684 642 1746 adversa
661 1685 806 1764 scopulis
825 1684 1047 1764 pendentibus
1065 1694 1216 1759 antrum;

285 1790 379 1851 intus
396 1808 501 1870 aquae
518 1789 632 1851 dulces
650 1797 790 1869 viveque
808 1787 924 1851 sedilia
941 1797 1028 1863 sane,

229 1900 234 1916 ²
285 1894 518 1977 Nympharum
536 1893 663 1955 domus.
714 1893 779 1955 Hic
797 1893 904 1956 sesses
922 1901 987 1955 nen
1004 1895 1137 1956 vincula
1154 1901 1255 1956 neves

285 1983 363 2061 Ulla
379 2007 503 2072 tenent,
522 2005 608 2059 unce
625 2005 691 2059 nen
709 1997 824 2078 alligat
841 2017 964 2059 ancora
981 2005 1102 2060 morsu.

198 2129 242 2176 170
285 2103 363 2164 Huc
380 2112 508 2182 septem
526 2103 661 2164 Aenees
679 2102 825 2164 collectis
842 2102 983 2163 neribus
1000 2112 1090 2164 omni

285 2207 334 2268 Ex
351 2194 489 2268 numere
506 2205 612 2281 subit;
637 2226 676 2268 ac
694 2213 816 2286 megne
834 2205 962 2269 telluris
979 2215 1090 2269 amere

285 2296 421 2390 Egressi
437 2317 551 2390 optete
569 2309 739 2390 potiuntur
757 2312 861 2385 Troes
879 2311 1003 2372 harene

284 2416 327 2477 Et
344 2415 412 2477 sale
428 2415 580 2478 tebentes
597 2423 688 2477 artus
705 2415 738 2477 in
755 2409 849 2477 litore
867 2422 1005 2495 penunt.

283 2505 335 2582 Ᾱε
353 2529 495 2600 primum
513 2519 595 2582 silici
611 2519 787 2581 scintillam
805 2519 938 2581 excudit
955 2520 1105 2582 Achetes

198 2651 223 2697 17
229 2649 241 2701 5
285 2625 508 2706 Succepitque
524 2634 636 2705 ignem
654 2624 741 2686 foliis
758 2633 857 2704 atque
874 2624 966 2686 erida
983 2625 1104 2686 circum

178 2749 196 2773 τ
285 2729 497 2791 Nutrimenta
514 2729 605 2792 dedit
622 2717 797 2810 rapuitque
816 2729 848 2790 in
866 2728 980 2790 semite
997 2728 1175 2790 flammam.

283 2834 369 2895 Tum
389 2833 545 2897 Cererem
561 2844 751 2914 corruptam
770 2833 866 2895 undis
885 2832 1101 2914 Cerealiaque
1118 2853 1211 2912 arma

179 2920 181 2924 ,
285 2938 476 3019 Expediunt
492 2939 573 3000 iessi
594 2946 712 3013 rerum,
731 2938 912 3018 frugesque
930 2945 1082 3018 receptes

285 3043 328 3105 Et
344 3051 468 3105 torrere
486 3053 604 3123 parant
622 3042 764 3104 flammis
781 3052 813 3104 et
831 3041 988 3121 frangere
1005 3049 1092 3103 saxi).
1154 3039 1157 3046 '

199 3160 243 3208 180
327 3148 463 3210 Aeneis
480 3147 655 3227 scopulum
672 3147 797 3208 intereat
816 3145 1009 3208 conscendit
1026 3155 1059 3208 et
1075 3165 1208 3208 omnem

285 3252 498 3332 Prespectum
517 3252 581 3312 lete
600 3251 719 3331 pelage
737 3252 827 3330 petit,
848 3250 984 3311 Anthea
1001 3259 1144 3330 siquem

286 3356 449 3418 Iactetum
467 3363 567 3416 vente
583 3355 695 3416 videat
714 3353 942 3436 Phrygiasque
959 3354 1111 3428 biremes,

284 3459 355 3522 Aut
373 3460 501 3542 Capyn,
520 3468 577 3521 aut
593 3460 690 3522 celsis
707 3459 739 3519 in
758 3458 926 3539 puppibus
944 3478 1036 3519 arma
1054 3459 1154 3522 Caici.

286 3564 415 3626 Nevem
432 3563 464 3625 in
482 3571 663 3644 censpectu
682 3562 817 3637 nullam,
835 3570 903 3624 tres
920 3563 1013 3624 litore
1030 3570 1146 3624 cervos

199 3680 243 3746 185
286 3668 446 3747 Prespicit
463 3675 631 3731 errantes:
656 3669 717 3729 hes
735 3675 804 3729 teta
821 3676 973 3729 armenta
987 3677 1172 3748 sequuntur

191 3847 195 3853 Δ
285 3773 318 3833 Α
334 3779 439 3852 terge,
457 3782 489 3834 et
506 3772 642 3851 longum
661 3790 719 3852 per
736 3770 838 3831 valles
856 3770 1003 3851 pescitur
1018 3777 1150 3852 agmen.
1266 3767 1283 3800 “
