2816 4282
465 295 582 348 menn
607 296 837 352 uunncnrus
1137 295 1200 373 289

181 474 278 537 Haud
295 475 440 556 ignarus
457 494 558 550 eram,
577 485 737 556 quantum
755 495 841 540 nova
857 475 962 558 gloria
978 476 1011 539 in
1028 476 1128 540 armis

101 600 141 652 ¹55
180 578 222 640 Et
237 577 421 658 praedulce
438 577 541 641 decus
558 579 665 658 primo
681 580 861 644 certamine
879 589 1001 662 posset.

179 681 344 745 Primitiae
361 682 495 745 iuvenis
513 682 661 759 miserae,
680 683 823 766 bellique
836 684 1015 768 propinqui

180 787 270 850 Dura
286 786 498 848 rudimenta!
524 797 557 848 et
573 787 655 849 nulli
671 788 826 850 exaudita
839 789 975 852 deorum

177 891 262 954 Vota
278 909 468 971 precesque
485 891 596 954 meae!
622 900 734 974 tuque,
751 913 771 954 o
788 892 997 956 sanctissima
1013 892 1164 969 coniunx,

178 991 268 1056 Felix
284 1003 395 1056 morte
412 1002 478 1069 tua,
496 1013 605 1076 neque
620 997 655 1057 in
672 995 760 1058 hunc
777 1007 908 1060 servata
924 995 1089 1059 dolorem!

101 1108 141 1156 160
178 1098 301 1163 Contra
317 1117 383 1178 ego
399 1097 542 1162 vivendo
558 1099 621 1162 vici
638 1120 711 1162 mea
728 1100 808 1176 fata,
826 1110 996 1182 superstes

178 1203 354 1265 Restarem
372 1211 410 1264 ut
425 1203 564 1282 genitor.
612 1203 737 1266 Troum
754 1204 844 1268 socia
860 1224 952 1266 arma
968 1213 1118 1268 secutum

177 1305 370 1369 Obruerent
389 1305 505 1368 Rutuli
522 1306 612 1369 telis!
637 1307 782 1370 animam
800 1307 871 1389 ipse
888 1308 1062 1383 dedissem,

176 1411 289 1492 Atque
305 1411 391 1472 haec
409 1429 533 1492 pompa
549 1410 684 1473 domum
701 1431 764 1486 me,
778 1432 844 1475 non
859 1413 1017 1486 Pallanta,
1035 1411 1193 1474 referret!

219 1520 238 1546 “
250 1515 324 1577 Nec
341 1534 402 1576 vos
418 1514 593 1595 arguerim,
611 1515 740 1590 Teucri,
759 1535 820 1579 nee
837 1516 983 1591 foedera,
1001 1535 1063 1578 nec
1076 1535 1158 1596 quas

102 1627 139 1692 165
178 1618 352 1680 lunximus
368 1617 513 1698 hospitio
530 1618 682 1694 dextras;
708 1639 779 1683 sors
796 1619 858 1682 ista
875 1630 1031 1683 senectae

178 1722 300 1784 Debita
318 1731 390 1784 erat
406 1730 549 1784 nostrae.
598 1723 697 1804 Quod
715 1723 742 1786 si
758 1723 933 1786 immatura
951 1723 1106 1787 manebat

177 1827 269 1889 Mors
286 1835 438 1906 gnatum,
456 1825 562 1888 caesis
577 1826 775 1890 Volscorum
793 1826 925 1890 milibus
942 1838 1019 1890 ante

177 1931 367 1992 Ducentem
386 1914 419 1990 in
437 1929 570 2018 Latium
589 1930 737 1993 Teucros
754 1930 913 1994 cecidisse
930 1930 1064 1994 iuvabit.

177 2034 265 2116 Quin
282 2053 347 2114 ego
365 2053 432 2095 non
449 2033 513 2096 alio
529 2033 648 2114 digner
663 2043 696 2096 te
713 2034 841 2109 funere,
860 2035 959 2110 Palla,

104 2159 141 2210 170
177 2137 285 2219 Quam
305 2136 381 2218 pius
397 2137 545 2211 Aeneas,
562 2147 594 2200 et
611 2157 710 2218 quam
726 2138 840 2218 magni
857 2139 1016 2223 Phryges
1035 2149 1068 2202 et
1084 2159 1182 2221 quam

176 2240 410 2326 Tyrrhenique
426 2240 538 2316 duceS,
555 2241 767 2326 Tyrrhenum
784 2242 948 2306 exercitus
965 2243 1080 2306 omnis.

178 2347 305 2426 Magna
322 2355 460 2426 tropaea
477 2345 599 2420 ferunt,
617 2366 700 2428 quos
716 2345 772 2409 dat
788 2356 845 2409 tua
861 2347 997 2410 dextera
1013 2348 1096 2423 leto;

175 2450 225 2511 Tu
243 2467 378 2531 quoque
395 2468 484 2511 nunc
500 2459 605 2512 stares
621 2449 775 2512 immanis
791 2460 928 2514 truncus
943 2451 977 2513 in
994 2451 1102 2526 armis

177 2555 276 2616 Esset
293 2573 354 2634 par
371 2562 473 2627 aetas,
491 2563 525 2616 et
540 2553 627 2616 idem
645 2555 672 2616 si
689 2553 788 2617 robur
805 2554 847 2617 ab
863 2555 968 2630 annis,

105 2678 141 2731 ¹75
175 2658 298 2719 Turne.
348 2657 415 2720 Sed
432 2655 548 2719 infelix
564 2658 711 2720 Teucros
728 2658 806 2740 quid
823 2659 976 2722 demoror
993 2659 1114 2721 armis?

176 2762 297 2826 Vadite
314 2770 348 2824 et
364 2761 446 2824 haec
463 2781 627 2824 memores
643 2763 714 2844 regi
730 2763 888 2826 mandata
903 2763 1044 2826 referte:

177 2864 276 2947 Quod
293 2866 394 2928 vitam
413 2885 523 2928 moror
539 2865 688 2942 invisam,
709 2867 858 2930 Pallante
875 2877 1058 2948 perempt0,

179 2970 323 3032 Dextera
339 2987 441 3030 causa
457 2979 514 3031 tua
530 2979 589 3045 est,
607 2970 757 3033 Turnum
775 2981 920 3052 natoque
937 2970 1088 3052 patrique

176 3072 286 3154 Quam
302 3071 425 3136 debere
440 3073 543 3136 vides.
593 3074 722 3138 Meritis
738 3084 834 3137 vacat
852 3074 905 3140 hic
921 3075 980 3137 tibi
997 3075 1086 3137 solus

106 3185 143 3234 rto
179 3178 412 3259 Fortunaeque
429 3177 529 3239 locus.
578 3179 655 3240 Non
671 3179 759 3242 vitae
775 3178 897 3259 gaudia
914 3198 1037 3260 quaero
1047 3200 1055 3254 3

178 3280 248 3343 Nec
260 3279 333 3355 fas;
358 3280 416 3343 sed
433 3290 536 3362 gnato
554 3283 673 3345 Manes
690 3284 838 3363 perferre
856 3283 916 3345 sub
932 3282 1048 3344 imos.”

218 3489 352 3550 Aurora
368 3488 494 3552 interea
510 3489 639 3554 miseris
655 3490 853 3556 mortalibus
865 3490 986 3554 almam

140 3627 142 3629 ·
179 3592 350 3656 Extulerat
366 3594 483 3669 lucem,
501 3595 651 3658 referens
668 3615 770 3677 opera
786 3605 887 3677 atque
903 3595 1052 3660 labores:

179 3699 247 3759 Iam
267 3707 364 3778 pater
378 3699 525 3774 Aeneas,
543 3698 608 3760 iam
625 3716 725 3762 curvo
742 3700 774 3761 in
793 3700 888 3763 litore
905 3699 1059 3763 Tarchon

108 3811 142 3877 185
177 3801 387 3866 Constituere
404 3823 512 3886 pyras.
562 3803 639 3866 Huc
657 3823 797 3884 corpora
813 3802 953 3884 quisque
969 3823 1102 3869 suorum

254 3912 371 3960 xnrnza's
382 3924 525 3960 naunrn—
534 3925 563 3973 19
