<?xml version="1.0" encoding="UTF-8"?>
<!DOCTYPE html PUBLIC "-//W3C//DTD XHTML 1.0 Transitional//EN"
    "http://www.w3.org/TR/xhtml1/DTD/xhtml1-transitional.dtd">
<html xmlns="http://www.w3.org/1999/xhtml" xml:lang="en" lang="en">
 <head>
  <title>
</title>
<meta http-equiv="Content-Type" content="text/html;charset=utf-8" />
  <meta name='ocr-system' content='tesseract 3.04.00' />
  <meta name='ocr-capabilities' content='ocr_page ocr_carea ocr_par ocr_line ocrx_word'/>
</head>
<body>
  <div class='ocr_page' id='page_1' title='image "./virgilsaeneidbo00denngoog_0043.png"; bbox 0 0 2822 4294; ppageno 0'>
   <div class='ocr_carea' id='block_1_1' title="bbox 573 304 956 358">
    <p class='ocr_par' dir='ltr' id='par_1_1' title="bbox 573 304 956 358">
     <span class='ocr_line' id='line_1_1' title="bbox 573 304 956 358; baseline -0.003 0"><span class='ocrx_word' id='word_1_1' title='bbox 573 304 731 358; x_wconf 82' lang='lat' dir='ltr'>VERGlLl</span> <span class='ocrx_word' id='word_1_2' title='bbox 757 305 956 358; x_wconf 83' lang='lat' dir='ltr'>AENEIDOS</span> 
     </span>
    </p>
   </div>
   <div class='ocr_carea' id='block_1_2' title="bbox 214 485 1244 1612">
    <p class='ocr_par' dir='ltr' id='par_1_2' title="bbox 303 485 1132 566">
     <span class='ocr_line' id='line_1_2' title="bbox 303 485 1132 566; baseline -0.004 -17"><span class='ocrx_word' id='word_1_3' title='bbox 303 488 340 550; x_wconf 90' lang='lat' dir='ltr'>ld</span> <span class='ocrx_word' id='word_1_4' title='bbox 358 495 508 550; x_wconf 74' lang='lat' dir='ltr'>metuens</span> <span class='ocrx_word' id='word_1_5' title='bbox 526 488 713 566; x_wconf 89' lang='lat' dir='ltr'>veterisque</span> <span class='ocrx_word' id='word_1_6' title='bbox 731 505 857 549; x_wconf 91' lang='lat' dir='ltr'>memor</span> <span class='ocrx_word' id='word_1_7' title='bbox 875 485 1031 548; x_wconf 77' lang='lat' dir='ltr'>Saturnia</span> <span class='ocrx_word' id='word_1_8' title='bbox 1046 486 1132 561; x_wconf 92' lang='lat' dir='ltr'>belli,</span> 
     </span>
    </p>

    <p class='ocr_par' dir='ltr' id='par_1_3' title="bbox 225 585 1244 983">
     <span class='ocr_line' id='line_1_3' title="bbox 225 585 1244 673; baseline -0.001 -20"><span class='ocrx_word' id='word_1_9' title='bbox 225 601 226 604; x_wconf 76' lang='grc'>’</span> <span class='ocrx_word' id='word_1_10' title='bbox 302 593 410 653; x_wconf 87' lang='lat' dir='ltr'>Prima</span> <span class='ocrx_word' id='word_1_11' title='bbox 426 591 514 673; x_wconf 93' lang='lat' dir='ltr'>quod</span> <span class='ocrx_word' id='word_1_12' title='bbox 532 591 574 652; x_wconf 94' lang='lat' dir='ltr'>ad</span> <span class='ocrx_word' id='word_1_13' title='bbox 590 585 723 671; x_wconf 79' lang='lat' dir='ltr'>Troiam</span> <span class='ocrx_word' id='word_1_14' title='bbox 742 599 801 670; x_wconf 80' lang='lat' dir='ltr'>pro</span> <span class='ocrx_word' id='word_1_15' title='bbox 818 597 902 653; x_wconf 72' lang='lat' dir='ltr'>caris</span> <span class='ocrx_word' id='word_1_16' title='bbox 919 600 1069 670; x_wconf 84' lang='lat' dir='ltr'>gesserat</span> <span class='ocrx_word' id='word_1_17' title='bbox 1086 591 1244 670; x_wconf 86' lang='lat' dir='ltr'>Argis-</span> 
     </span>
     <span class='ocr_line' id='line_1_4' title="bbox 301 695 1167 775; baseline 0 -19"><span class='ocrx_word' id='word_1_18' title='bbox 301 695 452 758; x_wconf 89' lang='lat' dir='ltr'>Needum</span> <span class='ocrx_word' id='word_1_19' title='bbox 470 695 568 758; x_wconf 88' lang='lat' dir='ltr'>etiam</span> <span class='ocrx_word' id='word_1_20' title='bbox 587 714 708 756; x_wconf 90' lang='lat' dir='ltr'>causae</span> <span class='ocrx_word' id='word_1_21' title='bbox 725 701 846 755; x_wconf 77' lang='lat' dir='ltr'>irarum</span> <span class='ocrx_word' id='word_1_22' title='bbox 866 704 1021 775; x_wconf 91' lang='lat' dir='ltr'>saevique</span> <span class='ocrx_word' id='word_1_23' title='bbox 1038 695 1167 756; x_wconf 76' lang='lat' dir='ltr'>dolores</span> 
     </span>
     <span class='ocr_line' id='line_1_5' title="bbox 303 798 1185 880; baseline -0.001 -18"><span class='ocrx_word' id='word_1_24' title='bbox 303 799 503 863; x_wconf 86' lang='lat' dir='ltr'>Exciderant</span> <span class='ocrx_word' id='word_1_25' title='bbox 520 798 650 861; x_wconf 81' lang='lat' dir='ltr'>animo:</span> <span class='ocrx_word' id='word_1_26' title='bbox 677 807 787 860; x_wconf 90' lang='lat' dir='ltr'>manet</span> <span class='ocrx_word' id='word_1_27' title='bbox 804 799 870 859; x_wconf 77' lang='lat' dir='ltr'>alta</span> <span class='ocrx_word' id='word_1_28' title='bbox 888 808 998 860; x_wconf 88' lang='lat' dir='ltr'>mente</span> <span class='ocrx_word' id='word_1_29' title='bbox 1015 809 1185 880; x_wconf 89' lang='lat' dir='ltr'>repostum</span> 
     </span>
     <span class='ocr_line' id='line_1_6' title="bbox 302 903 1112 983; baseline -0.002 -16"><span class='ocrx_word' id='word_1_30' title='bbox 302 904 465 966; x_wconf 80' lang='lat' dir='ltr'>Iudicium</span> <span class='ocrx_word' id='word_1_31' title='bbox 484 903 610 964; x_wconf 85' lang='lat' dir='ltr'>Paridis</span> <span class='ocrx_word' id='word_1_32' title='bbox 627 909 825 983; x_wconf 81' lang='lat' dir='ltr'>spretaeque</span> <span class='ocrx_word' id='word_1_33' title='bbox 843 903 961 964; x_wconf 79' lang='lat' dir='ltr'>iniuria</span> <span class='ocrx_word' id='word_1_34' title='bbox 977 905 1112 978; x_wconf 80' lang='lat' dir='ltr'>formae,</span> 
     </span>
    </p>

    <p class='ocr_par' dir='ltr' id='par_1_4' title="bbox 264 1009 1228 1196">
     <span class='ocr_line' id='line_1_7' title="bbox 302 1009 1228 1094; baseline -0.004 -20"><span class='ocrx_word' id='word_1_35' title='bbox 302 1013 345 1074; x_wconf 89' lang='lat' dir='ltr'>Et</span> <span class='ocrx_word' id='word_1_36' title='bbox 361 1032 468 1092; x_wconf 86' lang='lat' dir='ltr'>genus</span> <span class='ocrx_word' id='word_1_37' title='bbox 485 1012 636 1085; x_wconf 89' lang='lat' dir='ltr'>invisum,</span> <span class='ocrx_word' id='word_1_38' title='bbox 654 1020 687 1072; x_wconf 92' lang='lat' dir='ltr'>et</span> <span class='ocrx_word' id='word_1_39' title='bbox 705 1019 791 1090; x_wconf 84' lang='lat' dir='ltr'>rapti</span> <span class='ocrx_word' id='word_1_40' title='bbox 810 1011 1014 1094; x_wconf 80' lang='lat' dir='ltr'>Ganymedis</span> <span class='ocrx_word' id='word_1_41' title='bbox 1031 1009 1228 1070; x_wconf 78' lang='lat' dir='ltr'>honores-</span> 
     </span>
     <span class='ocr_line' id='line_1_8' title="bbox 264 1115 1042 1196; baseline -0.008 -15"><span class='ocrx_word' id='word_1_42' title='bbox 264 1177 266 1182; x_wconf 86' lang='lat'><em>.</em></span> <span class='ocrx_word' id='word_1_43' title='bbox 302 1116 366 1178; x_wconf 89' lang='lat' dir='ltr'>His</span> <span class='ocrx_word' id='word_1_44' title='bbox 382 1123 523 1178; x_wconf 76' lang='lat' dir='ltr'>accensa</span> <span class='ocrx_word' id='word_1_45' title='bbox 539 1135 639 1196; x_wconf 89' lang='lat' dir='ltr'>super</span> <span class='ocrx_word' id='word_1_46' title='bbox 658 1115 795 1176; x_wconf 80' lang='lat' dir='ltr'>iactatos</span> <span class='ocrx_word' id='word_1_47' title='bbox 813 1135 956 1196; x_wconf 85' lang='lat' dir='ltr'>aequore</span> <span class='ocrx_word' id='word_1_48' title='bbox 973 1122 1042 1176; x_wconf 79' lang='lat' dir='ltr'>toto</span> 
     </span>
    </p>

    <p class='ocr_par' dir='ltr' id='par_1_5' title="bbox 214 1217 1181 1612">
     <span class='ocr_line' id='line_1_9' title="bbox 214 1217 1181 1301; baseline -0.004 -19"><span class='ocrx_word' id='word_1_49' title='bbox 214 1248 244 1298; x_wconf 83' lang='lat'>30</span> <span class='ocrx_word' id='word_1_50' title='bbox 299 1221 415 1296; x_wconf 78' lang='lat' dir='ltr'>Troas,</span> <span class='ocrx_word' id='word_1_51' title='bbox 434 1219 586 1301; x_wconf 74' lang='lat' dir='ltr'>reliquias</span> <span class='ocrx_word' id='word_1_52' title='bbox 608 1220 762 1280; x_wconf 92' lang='lat' dir='ltr'>Danaum</span> <span class='ocrx_word' id='word_1_53' title='bbox 781 1229 880 1301; x_wconf 87' lang='lat' dir='ltr'>atque</span> <span class='ocrx_word' id='word_1_54' title='bbox 897 1217 1030 1280; x_wconf 87' lang='lat' dir='ltr'>immitis</span> <span class='ocrx_word' id='word_1_55' title='bbox 1048 1218 1181 1292; x_wconf 85' lang='lat' dir='ltr'>Achilli,</span> 
     </span>
     <span class='ocr_line' id='line_1_10' title="bbox 303 1325 1091 1405; baseline -0.004 -18"><span class='ocrx_word' id='word_1_56' title='bbox 303 1326 450 1388; x_wconf 75' lang='lat' dir='ltr'>Arcebat</span> <span class='ocrx_word' id='word_1_57' title='bbox 466 1327 565 1405; x_wconf 74' lang='lat' dir='ltr'>longe</span> <span class='ocrx_word' id='word_1_58' title='bbox 585 1325 689 1399; x_wconf 80' lang='lat' dir='ltr'>Latio,</span> <span class='ocrx_word' id='word_1_59' title='bbox 709 1325 896 1405; x_wconf 83' lang='lat' dir='ltr'>multosque</span> <span class='ocrx_word' id='word_1_60' title='bbox 911 1343 970 1403; x_wconf 91' lang='lat' dir='ltr'>per</span> <span class='ocrx_word' id='word_1_61' title='bbox 986 1331 1091 1385; x_wconf 81' lang='lat' dir='ltr'>annos</span> 
     </span>
     <span class='ocr_line' id='line_1_11' title="bbox 303 1427 1151 1504; baseline -0.002 -14"><span class='ocrx_word' id='word_1_62' title='bbox 303 1428 476 1504; x_wconf 74' lang='lat' dir='ltr'>Errabant,</span> <span class='ocrx_word' id='word_1_63' title='bbox 495 1437 559 1492; x_wconf 75' lang='lat' dir='ltr'>acti</span> <span class='ocrx_word' id='word_1_64' title='bbox 576 1430 662 1504; x_wconf 72' lang='lat' dir='ltr'>latis</span> <span class='ocrx_word' id='word_1_65' title='bbox 683 1430 786 1490; x_wconf 92' lang='lat' dir='ltr'>maria</span> <span class='ocrx_word' id='word_1_66' title='bbox 803 1428 913 1490; x_wconf 92' lang='lat' dir='ltr'>omnia</span> <span class='ocrx_word' id='word_1_67' title='bbox 930 1427 1061 1490; x_wconf 86' lang='lat' dir='ltr'>circum.</span> <span class='ocrx_word' id='word_1_68' title='bbox 1148 1431 1151 1434; x_wconf 82' lang='grc'><strong>’</strong></span> 
     </span>
     <span class='ocr_line' id='line_1_12' title="bbox 301 1532 1152 1612; baseline -0.002 -16"><span class='ocrx_word' id='word_1_69' title='bbox 301 1535 430 1596; x_wconf 82' lang='lat' dir='ltr'><strong>Tantae</strong></span> <span class='ocrx_word' id='word_1_70' title='bbox 447 1534 542 1596; x_wconf 80' lang='lat' dir='ltr'>molis</span> <span class='ocrx_word' id='word_1_71' title='bbox 558 1544 628 1597; x_wconf 90' lang='lat' dir='ltr'>erat</span> <span class='ocrx_word' id='word_1_72' title='bbox 648 1534 832 1596; x_wconf 77' lang='lat' dir='ltr'>Romanam</span> <span class='ocrx_word' id='word_1_73' title='bbox 850 1532 993 1605; x_wconf 89' lang='lat' dir='ltr'>condere</span> <span class='ocrx_word' id='word_1_74' title='bbox 1009 1541 1152 1612; x_wconf 89' lang='lat' dir='ltr'><strong>gentem.</strong></span> 
     </span>
    </p>
   </div>
   <div class='ocr_carea' id='block_1_3' title="bbox 215 1740 1243 3813">
    <p class='ocr_par' dir='ltr' id='par_1_6' title="bbox 215 1740 1243 3813">
     <span class='ocr_line' id='line_1_13' title="bbox 345 1740 1103 1823; baseline -0.007 -17"><span class='ocrx_word' id='word_1_75' title='bbox 345 1743 409 1806; x_wconf 90' lang='lat' dir='ltr'>Vix</span> <span class='ocrx_word' id='word_1_76' title='bbox 425 1751 443 1804; x_wconf 79' lang='lat' dir='ltr'>e</span> <span class='ocrx_word' id='word_1_77' title='bbox 459 1751 641 1823; x_wconf 79' lang='lat' dir='ltr'>conspectu</span> <span class='ocrx_word' id='word_1_78' title='bbox 661 1743 792 1806; x_wconf 82' lang='lat' dir='ltr'>Siculae</span> <span class='ocrx_word' id='word_1_79' title='bbox 809 1740 935 1803; x_wconf 81' lang='lat' dir='ltr'>telluris</span> <span class='ocrx_word' id='word_1_80' title='bbox 952 1741 985 1802; x_wconf 95' lang='lat' dir='ltr'>in</span> <span class='ocrx_word' id='word_1_81' title='bbox 1001 1741 1103 1802; x_wconf 88' lang='lat' dir='ltr'>altum</span> 
     </span>
     <span class='ocr_line' id='line_1_14' title="bbox 301 1845 1182 1926; baseline -0.003 -16"><span class='ocrx_word' id='word_1_82' title='bbox 301 1848 385 1911; x_wconf 77' lang='lat' dir='ltr'>Vela</span> <span class='ocrx_word' id='word_1_83' title='bbox 401 1847 526 1909; x_wconf 90' lang='lat' dir='ltr'>dabant</span> <span class='ocrx_word' id='word_1_84' title='bbox 542 1847 629 1921; x_wconf 90' lang='lat' dir='ltr'>laeti,</span> <span class='ocrx_word' id='word_1_85' title='bbox 647 1856 680 1909; x_wconf 93' lang='lat' dir='ltr'>et</span> <span class='ocrx_word' id='word_1_86' title='bbox 693 1853 829 1926; x_wconf 75' lang='lat' dir='ltr'>spumas</span> <span class='ocrx_word' id='word_1_87' title='bbox 846 1846 924 1907; x_wconf 92' lang='lat' dir='ltr'>salis</span> <span class='ocrx_word' id='word_1_88' title='bbox 941 1865 1016 1907; x_wconf 87' lang='lat' dir='ltr'>aere</span> <span class='ocrx_word' id='word_1_89' title='bbox 1034 1845 1182 1918; x_wconf 75' lang='lat' dir='ltr'>ruebant,</span> 
     </span>
     <span class='ocr_line' id='line_1_15' title="bbox 304 1940 1216 2030; baseline -0.004 -17"><span class='ocrx_word' id='word_1_90' title='bbox 304 1952 387 2014; x_wconf 90' lang='lat' dir='ltr'>Cum</span> <span class='ocrx_word' id='word_1_91' title='bbox 406 1951 499 2026; x_wconf 78' lang='lat' dir='ltr'>limo,</span> <span class='ocrx_word' id='word_1_92' title='bbox 517 1961 688 2013; x_wconf 88' lang='lat' dir='ltr'>aeternum</span> <span class='ocrx_word' id='word_1_93' title='bbox 706 1957 842 2012; x_wconf 79' lang='lat' dir='ltr'>servans</span> <span class='ocrx_word' id='word_1_94' title='bbox 859 1940 920 2011; x_wconf 79' lang='lat' dir='ltr'>sub</span> <span class='ocrx_word' id='word_1_95' title='bbox 938 1958 1070 2030; x_wconf 84' lang='lat' dir='ltr'>pectore</span> <span class='ocrx_word' id='word_1_96' title='bbox 1087 1950 1216 2022; x_wconf 87' lang='lat' dir='ltr'>vulnus,</span> 
     </span>
     <span class='ocr_line' id='line_1_16' title="bbox 304 2053 1175 2134; baseline -0.005 -17"><span class='ocrx_word' id='word_1_97' title='bbox 304 2055 400 2117; x_wconf 91' lang='lat' dir='ltr'>Haec</span> <span class='ocrx_word' id='word_1_98' title='bbox 417 2063 547 2118; x_wconf 74' lang='lat' dir='ltr'>secum:</span> <span class='ocrx_word' id='word_1_99' title='bbox 572 2060 590 2086; x_wconf 88' lang='lat'>“</span> <span class='ocrx_word' id='word_1_100' title='bbox 604 2056 704 2117; x_wconf 77' lang='lat' dir='ltr'>llllene</span> <span class='ocrx_word' id='word_1_101' title='bbox 722 2055 855 2134; x_wconf 78' lang='lat' dir='ltr'>incepto</span> <span class='ocrx_word' id='word_1_102' title='bbox 871 2053 1028 2115; x_wconf 75' lang='lat' dir='ltr'>desistere</span> <span class='ocrx_word' id='word_1_103' title='bbox 1045 2055 1175 2126; x_wconf 91' lang='lat' dir='ltr'>victam,</span> 
     </span>
     <span class='ocr_line' id='line_1_17' title="bbox 304 2144 1146 2240; baseline -0.005 -18"><span class='ocrx_word' id='word_1_104' title='bbox 304 2161 375 2222; x_wconf 88' lang='lat' dir='ltr'>Nec</span> <span class='ocrx_word' id='word_1_105' title='bbox 393 2179 490 2240; x_wconf 88' lang='lat' dir='ltr'>posse</span> <span class='ocrx_word' id='word_1_106' title='bbox 508 2144 605 2221; x_wconf 76' lang='lat' dir='ltr'>ltalia</span> <span class='ocrx_word' id='word_1_107' title='bbox 622 2161 828 2222; x_wconf 77' lang='lat' dir='ltr'>Teucrorum</span> <span class='ocrx_word' id='word_1_108' title='bbox 844 2165 992 2220; x_wconf 74' lang='lat' dir='ltr'>avertere</span> <span class='ocrx_word' id='word_1_109' title='bbox 1009 2157 1146 2236; x_wconf 78' lang='lat' dir='ltr'>regem?</span> 
     </span>
     <span class='ocr_line' id='line_1_18' title="bbox 303 2261 1164 2346; baseline -0.007 -20"><span class='ocrx_word' id='word_1_110' title='bbox 303 2264 438 2346; x_wconf 82' lang='lat' dir='ltr'>Quippe</span> <span class='ocrx_word' id='word_1_111' title='bbox 456 2274 548 2326; x_wconf 90' lang='lat' dir='ltr'>vetor</span> <span class='ocrx_word' id='word_1_112' title='bbox 565 2265 651 2326; x_wconf 79' lang='lat' dir='ltr'>latis</span> <span class='ocrx_word' id='word_1_113' title='bbox 702 2264 854 2326; x_wconf 85' lang='lat' dir='ltr'>Pallasne</span> <span class='ocrx_word' id='word_1_114' title='bbox 871 2269 1007 2324; x_wconf 80' lang='lat' dir='ltr'>exurere</span> <span class='ocrx_word' id='word_1_115' title='bbox 1023 2261 1164 2322; x_wconf 82' lang='lat' dir='ltr'>classem</span> 
     </span>
     <span class='ocr_line' id='line_1_19' title="bbox 303 2369 1185 2450; baseline -0.006 -20"><span class='ocrx_word' id='word_1_116' title='bbox 303 2370 466 2449; x_wconf 84' lang='lat' dir='ltr'>Argivum</span> <span class='ocrx_word' id='word_1_117' title='bbox 484 2378 583 2450; x_wconf 92' lang='lat' dir='ltr'>atque</span> <span class='ocrx_word' id='word_1_118' title='bbox 601 2369 690 2448; x_wconf 82' lang='lat' dir='ltr'>ipsos</span> <span class='ocrx_word' id='word_1_119' title='bbox 709 2369 815 2449; x_wconf 89' lang='lat' dir='ltr'>potuit</span> <span class='ocrx_word' id='word_1_120' title='bbox 832 2385 1056 2446; x_wconf 84' lang='lat' dir='ltr'>summergere</span> <span class='ocrx_word' id='word_1_121' title='bbox 1073 2373 1185 2445; x_wconf 80' lang='lat' dir='ltr'>ponto,</span> 
     </span>
     <span class='ocr_line' id='line_1_20' title="bbox 305 2456 1014 2536; baseline -0.006 -1"><span class='ocrx_word' id='word_1_122' title='bbox 305 2459 413 2536; x_wconf 82' lang='lat' dir='ltr'>Unius</span> <span class='ocrx_word' id='word_1_123' title='bbox 430 2471 471 2534; x_wconf 93' lang='lat' dir='ltr'>ob</span> <span class='ocrx_word' id='word_1_124' title='bbox 488 2493 607 2534; x_wconf 85' lang='lat' dir='ltr'>noxam</span> <span class='ocrx_word' id='word_1_125' title='bbox 625 2482 658 2534; x_wconf 92' lang='lat' dir='ltr'>et</span> <span class='ocrx_word' id='word_1_126' title='bbox 675 2472 778 2534; x_wconf 78' lang='lat' dir='ltr'>furias</span> <span class='ocrx_word' id='word_1_127' title='bbox 796 2456 909 2533; x_wconf 52' lang='lat' dir='ltr'>iliacis</span> <span class='ocrx_word' id='word_1_128' title='bbox 926 2469 1014 2533; x_wconf 89' lang='lat' dir='ltr'>Oili?</span> 
     </span>
     <span class='ocr_line' id='line_1_21' title="bbox 305 2573 1158 2659; baseline -0.006 -20"><span class='ocrx_word' id='word_1_129' title='bbox 305 2578 393 2658; x_wconf 91' lang='lat' dir='ltr'>Ipsa,</span> <span class='ocrx_word' id='word_1_130' title='bbox 413 2577 501 2639; x_wconf 91' lang='lat' dir='ltr'>Iovis</span> <span class='ocrx_word' id='word_1_131' title='bbox 519 2577 670 2659; x_wconf 91' lang='lat' dir='ltr'>rapidum</span> <span class='ocrx_word' id='word_1_132' title='bbox 688 2577 830 2638; x_wconf 75' lang='lat' dir='ltr'>iaculata</span> <span class='ocrx_word' id='word_1_133' title='bbox 846 2573 1019 2636; x_wconf 78' lang='lat' dir='ltr'>enubibus</span> <span class='ocrx_word' id='word_1_134' title='bbox 1037 2583 1158 2654; x_wconf 84' lang='lat' dir='ltr'>ignem,</span> 
     </span>
     <span class='ocr_line' id='line_1_22' title="bbox 306 2680 1118 2762; baseline -0.007 -18"><span class='ocrx_word' id='word_1_135' title='bbox 306 2681 509 2762; x_wconf 76' lang='lat' dir='ltr'>Disiecitque</span> <span class='ocrx_word' id='word_1_136' title='bbox 527 2688 613 2743; x_wconf 78' lang='lat' dir='ltr'>rates</span> <span class='ocrx_word' id='word_1_137' title='bbox 631 2680 814 2762; x_wconf 75' lang='lat' dir='ltr'>evertitque</span> <span class='ocrx_word' id='word_1_138' title='bbox 832 2699 975 2759; x_wconf 86' lang='lat' dir='ltr'>aequora</span> <span class='ocrx_word' id='word_1_139' title='bbox 993 2687 1118 2751; x_wconf 90' lang='lat' dir='ltr'>ventis;</span> 
     </span>
     <span class='ocr_line' id='line_1_23' title="bbox 306 2781 1141 2866; baseline -0.005 -19"><span class='ocrx_word' id='word_1_140' title='bbox 306 2787 403 2847; x_wconf 92' lang='lat' dir='ltr'>Illum</span> <span class='ocrx_word' id='word_1_141' title='bbox 420 2795 643 2866; x_wconf 85' lang='lat' dir='ltr'>exspirantem</span> <span class='ocrx_word' id='word_1_142' title='bbox 661 2785 822 2846; x_wconf 81' lang='lat' dir='ltr'>transfixo</span> <span class='ocrx_word' id='word_1_143' title='bbox 840 2792 973 2863; x_wconf 83' lang='lat' dir='ltr'>pectore</span> <span class='ocrx_word' id='word_1_144' title='bbox 992 2781 1141 2844; x_wconf 76' lang='lat' dir='ltr'>flammas</span> 
     </span>
     <span class='ocr_line' id='line_1_24' title="bbox 215 2886 1099 2973; baseline -0.01 -18"><span class='ocrx_word' id='word_1_145' title='bbox 215 2918 246 2970; x_wconf 86' lang='lat'>45</span> <span class='ocrx_word' id='word_1_146' title='bbox 302 2891 449 2954; x_wconf 89' lang='lat' dir='ltr'>Turbine</span> <span class='ocrx_word' id='word_1_147' title='bbox 466 2893 623 2973; x_wconf 89' lang='lat' dir='ltr'>corripuit</span> <span class='ocrx_word' id='word_1_148' title='bbox 641 2891 844 2972; x_wconf 80' lang='lat' dir='ltr'>scopuloque</span> <span class='ocrx_word' id='word_1_149' title='bbox 860 2886 969 2949; x_wconf 82' lang='lat' dir='ltr'>infixit</span> <span class='ocrx_word' id='word_1_150' title='bbox 984 2893 1099 2961; x_wconf 76' lang='lat' dir='ltr'>acuti&gt;3</span> 
     </span>
     <span class='ocr_line' id='line_1_25' title="bbox 305 2990 1135 3078; baseline -0.011 -19"><span class='ocrx_word' id='word_1_151' title='bbox 305 2998 369 3059; x_wconf 88' lang='lat' dir='ltr'>Ast</span> <span class='ocrx_word' id='word_1_152' title='bbox 385 3017 457 3078; x_wconf 86' lang='lat' dir='ltr'>eg0,</span> <span class='ocrx_word' id='word_1_153' title='bbox 476 3017 561 3078; x_wconf 88' lang='lat' dir='ltr'>quae</span> <span class='ocrx_word' id='word_1_154' title='bbox 579 2997 690 3058; x_wconf 91' lang='lat' dir='ltr'>divum</span> <span class='ocrx_word' id='word_1_155' title='bbox 707 2995 825 3057; x_wconf 76' lang='lat' dir='ltr'>incedo</span> <span class='ocrx_word' id='word_1_156' title='bbox 841 2999 963 3072; x_wconf 78' lang='lat' dir='ltr'>regina,</span> <span class='ocrx_word' id='word_1_157' title='bbox 980 2990 1135 3072; x_wconf 91' lang='lat' dir='ltr'>Iovisque</span> 
     </span>
     <span class='ocr_line' id='line_1_26' title="bbox 305 3101 1149 3176; baseline -0.008 -12"><span class='ocrx_word' id='word_1_158' title='bbox 305 3103 349 3164; x_wconf 90' lang='lat' dir='ltr'>Et</span> <span class='ocrx_word' id='word_1_159' title='bbox 366 3122 458 3164; x_wconf 91' lang='lat' dir='ltr'>soror</span> <span class='ocrx_word' id='word_1_160' title='bbox 474 3111 507 3163; x_wconf 88' lang='lat' dir='ltr'>et</span> <span class='ocrx_word' id='word_1_161' title='bbox 523 3101 676 3175; x_wconf 80' lang='lat' dir='ltr'>coniunx,</span> <span class='ocrx_word' id='word_1_162' title='bbox 696 3107 761 3161; x_wconf 76' lang='lat' dir='ltr'>ima</span> <span class='ocrx_word' id='word_1_163' title='bbox 779 3118 852 3161; x_wconf 92' lang='lat' dir='ltr'>cum</span> <span class='ocrx_word' id='word_1_164' title='bbox 870 3106 970 3176; x_wconf 87' lang='lat' dir='ltr'>gente</span> <span class='ocrx_word' id='word_1_165' title='bbox 983 3105 1032 3158; x_wconf 85' lang='lat' dir='ltr'>tot</span> <span class='ocrx_word' id='word_1_166' title='bbox 1044 3103 1149 3157; x_wconf 80' lang='lat' dir='ltr'>annos</span> 
     </span>
     <span class='ocr_line' id='line_1_27' title="bbox 305 3199 1215 3290; baseline -0.01 -20"><span class='ocrx_word' id='word_1_167' title='bbox 305 3208 397 3271; x_wconf 90' lang='lat' dir='ltr'>Bella</span> <span class='ocrx_word' id='word_1_168' title='bbox 414 3217 503 3289; x_wconf 77' lang='lat' dir='ltr'>gero.</span> <span class='ocrx_word' id='word_1_169' title='bbox 553 3209 596 3271; x_wconf 90' lang='lat' dir='ltr'>Et</span> <span class='ocrx_word' id='word_1_170' title='bbox 612 3208 786 3290; x_wconf 89' lang='lat' dir='ltr'>quisquam</span> <span class='ocrx_word' id='word_1_171' title='bbox 804 3211 927 3266; x_wconf 80' lang='lat' dir='ltr'>numen</span> <span class='ocrx_word' id='word_1_172' title='bbox 947 3199 1083 3263; x_wconf 78' lang='lat' dir='ltr'>lunonis</span> <span class='ocrx_word' id='word_1_173' title='bbox 1100 3200 1215 3262; x_wconf 81' lang='lat' dir='ltr'>adorat</span> 
     </span>
     <span class='ocr_line' id='line_1_28' title="bbox 305 3305 1193 3395; baseline -0.01 -21"><span class='ocrx_word' id='word_1_174' title='bbox 305 3315 488 3387; x_wconf 74' lang='lat' dir='ltr'>Praeterea,</span> <span class='ocrx_word' id='word_1_175' title='bbox 506 3323 563 3376; x_wconf 89' lang='lat' dir='ltr'>aut</span> <span class='ocrx_word' id='word_1_176' title='bbox 580 3313 720 3395; x_wconf 90' lang='lat' dir='ltr'>supplex</span> <span class='ocrx_word' id='word_1_177' title='bbox 737 3319 801 3373; x_wconf 78' lang='lat' dir='ltr'>aris</span> <span class='ocrx_word' id='word_1_178' title='bbox 818 3311 967 3391; x_wconf 80' lang='lat' dir='ltr'>imponet</span> <span class='ocrx_word' id='word_1_179' title='bbox 983 3305 1164 3368; x_wconf 79' lang='lat' dir='ltr'>honorem?</span> <span class='ocrx_word' id='word_1_180' title='bbox 1177 3305 1193 3326; x_wconf 89' lang='grc'>”</span> 
     </span>
     <span class='ocr_line' id='line_1_29' title="bbox 346 3411 1120 3481; baseline -0.01 -1"><span class='ocrx_word' id='word_1_181' title='bbox 346 3417 441 3480; x_wconf 78' lang='lat' dir='ltr'>Talia</span> <span class='ocrx_word' id='word_1_182' title='bbox 459 3418 627 3481; x_wconf 75' lang='lat' dir='ltr'>flammato</span> <span class='ocrx_word' id='word_1_183' title='bbox 644 3425 755 3480; x_wconf 76' lang='lat' dir='ltr'>secum</span> <span class='ocrx_word' id='word_1_184' title='bbox 773 3417 836 3480; x_wconf 93' lang='lat' dir='ltr'>dea</span> <span class='ocrx_word' id='word_1_185' title='bbox 852 3415 950 3478; x_wconf 90' lang='lat' dir='ltr'>corde</span> <span class='ocrx_word' id='word_1_186' title='bbox 967 3411 1120 3474; x_wconf 75' lang='lat' dir='ltr'>volutans</span> 
     </span>
     <span class='ocr_line' id='line_1_30' title="bbox 304 3519 1243 3604; baseline -0.007 -20"><span class='ocrx_word' id='word_1_187' title='bbox 304 3523 501 3585; x_wconf 81' lang='lat' dir='ltr'>Nimborum</span> <span class='ocrx_word' id='word_1_188' title='bbox 518 3523 550 3585; x_wconf 93' lang='lat' dir='ltr'>in</span> <span class='ocrx_word' id='word_1_189' title='bbox 569 3523 717 3604; x_wconf 87' lang='lat' dir='ltr'>patriam,</span> <span class='ocrx_word' id='word_1_190' title='bbox 736 3523 807 3586; x_wconf 88' lang='lat' dir='ltr'>loca</span> <span class='ocrx_word' id='word_1_191' title='bbox 823 3523 893 3584; x_wconf 74' lang='lat' dir='ltr'>feta</span> <span class='ocrx_word' id='word_1_192' title='bbox 910 3519 1097 3582; x_wconf 83' lang='lat' dir='ltr'>furentibus</span> <span class='ocrx_word' id='word_1_193' title='bbox 1113 3525 1243 3588; x_wconf 71' lang='lat' dir='ltr'>austris</span> 
     </span>
     <span class='ocr_line' id='line_1_31' title="bbox 304 3627 1136 3690; baseline -0.005 -1"><span class='ocrx_word' id='word_1_194' title='bbox 304 3627 458 3689; x_wconf 86' lang='lat' dir='ltr'>Aeoliam</span> <span class='ocrx_word' id='word_1_195' title='bbox 475 3628 574 3690; x_wconf 89' lang='lat' dir='ltr'>venit.</span> <span class='ocrx_word' id='word_1_196' title='bbox 629 3629 693 3690; x_wconf 92' lang='lat' dir='ltr'>Hic</span> <span class='ocrx_word' id='word_1_197' title='bbox 711 3635 805 3690; x_wconf 76' lang='lat' dir='ltr'>vasto</span> <span class='ocrx_word' id='word_1_198' title='bbox 822 3635 878 3689; x_wconf 75' lang='lat' dir='ltr'>rex</span> <span class='ocrx_word' id='word_1_199' title='bbox 896 3627 1022 3690; x_wconf 89' lang='lat' dir='ltr'>Aeolus</span> <span class='ocrx_word' id='word_1_200' title='bbox 1040 3630 1136 3686; x_wconf 79' lang='lat' dir='ltr'>antri&gt;</span> 
     </span>
     <span class='ocr_line' id='line_1_32' title="bbox 307 3717 1183 3813; baseline 0.001 -22"><span class='ocrx_word' id='word_1_201' title='bbox 307 3731 488 3792; x_wconf 75' lang='lat' dir='ltr'>Luctantes</span> <span class='ocrx_word' id='word_1_202' title='bbox 506 3740 622 3794; x_wconf 79' lang='lat' dir='ltr'>ventos</span> <span class='ocrx_word' id='word_1_203' title='bbox 639 3739 921 3813; x_wconf 72' lang='lat' dir='ltr'>tempestatesque</span> <span class='ocrx_word' id='word_1_204' title='bbox 939 3736 1075 3792; x_wconf 76' lang='lat' dir='ltr'>sonoras</span> <span class='ocrx_word' id='word_1_205' title='bbox 1181 3717 1183 3722; x_wconf 37' lang='lat'><strong>¹</strong></span> 
     </span>
    </p>
   </div>
   <div class='ocr_carea' id='block_1_4' title="bbox 308 3833 1105 3916">
    <p class='ocr_par' dir='ltr' id='par_1_7' title="bbox 308 3833 1105 3916">
     <span class='ocr_line' id='line_1_33' title="bbox 308 3833 1105 3916; baseline -0.004 -20"><span class='ocrx_word' id='word_1_206' title='bbox 308 3833 452 3914; x_wconf 79' lang='lat' dir='ltr'>Imperio</span> <span class='ocrx_word' id='word_1_207' title='bbox 469 3837 589 3916; x_wconf 91' lang='lat' dir='ltr'>premit</span> <span class='ocrx_word' id='word_1_208' title='bbox 606 3857 643 3898; x_wconf 94' lang='lat' dir='ltr'>ac</span> <span class='ocrx_word' id='word_1_209' title='bbox 661 3836 777 3899; x_wconf 89' lang='lat' dir='ltr'>vinclis</span> <span class='ocrx_word' id='word_1_210' title='bbox 794 3846 826 3898; x_wconf 90' lang='lat' dir='ltr'>et</span> <span class='ocrx_word' id='word_1_211' title='bbox 843 3854 974 3897; x_wconf 89' lang='lat' dir='ltr'>carcere</span> <span class='ocrx_word' id='word_1_212' title='bbox 988 3834 1105 3894; x_wconf 75' lang='lat' dir='ltr'>frenat.</span> 
     </span>
    </p>
   </div>
   <div class='ocr_carea' id='block_1_5' title="bbox 0 0 1420 4294">
    <p class='ocr_par' dir='ltr' id='par_1_8' title="bbox 0 0 1420 4294">
     <span class='ocr_line' id='line_1_34' title="bbox 0 0 1420 4294; baseline 0 0"><span class='ocrx_word' id='word_1_213' title='bbox 0 0 1420 4294; x_wconf 95' lang='lat' dir='ltr'> </span> 
     </span>
    </p>
   </div>
  </div>
 </body>
</html>
