2796 4282
558 292 718 345 VERGlLl
746 293 944 347 AENEIDOS

292 470 377 534 Fida
392 491 466 535 reor
483 471 629 534 fraterna
647 472 764 557 Erycis
782 482 963 554 portusque
981 473 1133 549 Sicanos

290 575 326 640 Si
342 576 441 639 modo
457 576 518 639 rite
535 596 660 638 memor
677 585 808 639 servata
825 577 979 640 remetior
995 579 1117 640 astra.''

278 681 377 772 ¹Tum
395 680 469 761 pius
487 681 640 743 Aeneas:
667 673 861 762 “Equidem
880 681 926 743 sic
944 703 1081 763 poscere
1098 693 1221 745 ventos

292 785 491 847 Iamdudum
509 794 542 847 et
559 785 683 861 frustra
700 805 799 847 cerno
816 795 848 848 te
865 787 1003 848 tendere
1020 795 1145 850 contra.
1203 838 1208 844 .

292 889 405 952 Flecte
421 888 509 951 viam
525 889 615 951 velis.
664 889 721 951 An
739 889 780 951 sit
797 889 876 951 mihi
893 885 1018 971 gratio'r
1035 892 1111 966 ulla,

291 994 410 1076 Quove
427 993 533 1075 magis
551 993 657 1055 fessas
674 1002 786 1074 optem
804 994 977 1058 demittere
994 1016 1105 1071 naves

290 1097 401 1178 Quam
418 1117 503 1180 quae
522 1097 729 1159 Dardanium
747 1098 845 1160 tellus
862 1098 943 1161 mihi
962 1109 1072 1162 servat
1089 1101 1251 1176 Acesten,

293 1202 337 1264 Et
353 1201 455 1283 patris
472 1201 643 1264 Anchisae
660 1203 787 1283 gremio
805 1204 1036 1284 complectitur
1052 1204 1152 1266 ossa?
1167 1205 1185 1228 ''

293 1306 387 1368 Haec
404 1307 460 1369 uhi
476 1306 572 1382 dicta,
592 1316 710 1387 petunt
728 1316 851 1388 portus,
870 1317 904 1371 et
920 1308 994 1370 vela
1011 1307 1150 1370 secundi

293 1411 476 1474 Intendunt
493 1410 640 1494 Zephyri
650 1431 656 1486 ;
682 1412 788 1474 fertur
805 1411 869 1474 cita
887 1412 1017 1492 gurgite
1031 1412 1157 1486 classis,

293 1515 336 1577 Et
351 1515 486 1577 tandem
503 1515 581 1577 laeti
599 1524 697 1578 notae
715 1515 934 1578 advertuntur
951 1516 1103 1579 harenae.

335 1619 383 1681 At
400 1620 515 1700 procul
531 1639 572 1682 ex
589 1619 678 1682 celso
695 1619 833 1682 miratus
849 1620 971 1683 vertice
989 1620 1110 1683 montis

292 1723 485 1786 Adventum
503 1714 676 1806 sociasque
693 1733 780 1786 rates
797 1725 939 1787 occurrit
958 1725 1110 1798 Acestes,

293 1827 458 1890 Horridus
475 1827 508 1889 in
525 1827 640 1890 iaculis
656 1837 689 1890 et
706 1828 792 1909 pelle
812 1828 993 1912 Libystidis
1011 1848 1116 1903 ursae,

291 1933 392 1994 Trota
409 1931 538 1996 Criniso
555 1941 753 2013 conceptum
772 1931 907 1994 flumine
924 1942 1029 1994 mater

292 2037 401 2118 Quem
418 2036 543 2117 genuit.
591 2038 751 2100 Veterum
768 2057 834 2099 non
852 2037 1025 2099 immemor
1042 2036 1096 2098 ille
1110 2047 1286 2118 parentum

294 2141 451 2204 Gratatur
467 2141 606 2204 reduces
623 2150 656 2203 et
672 2161 754 2222 gaza
772 2141 878 2204 laetus
896 2143 1019 2222 agresti

293 2245 433 2327 Excipit,
452 2266 490 2309 ac
508 2247 615 2308 fessos
632 2246 752 2326 opibus
770 2246 894 2308 solatur
911 2247 1034 2308 amicis.

336 2350 472 2413 Postera
488 2370 563 2412 cum
582 2349 687 2431 primo
705 2350 817 2412 stellas
834 2349 973 2412 Oriente
990 2350 1124 2430 fugarat

291 2453 390 2517 Clara
406 2455 485 2530 dies,
504 2455 610 2517 socios
627 2454 660 2516 in
678 2463 810 2516 coetum
828 2454 922 2516 litore
939 2453 981 2516 ab
998 2453 1089 2516 omni

291 2556 445 2621 Advocat
463 2559 606 2632 Aeneas
624 2558 809 2641 tumulique
826 2577 865 2619 ex
882 2576 1005 2639 aggere
1023 2558 1130 2620 latur:

292 2662 537 2725 “Dardanidae
554 2662 676 2744 magui,
694 2682 802 2743 genus
819 2663 885 2724 alto
902 2683 921 2724 a
938 2663 1101 2742 sanguine
1118 2662 1243 2737 divum,

293 2766 437 2829 Annuus
453 2767 576 2830 exactis
593 2767 779 2848 completur
796 2765 966 2828 mensibus
983 2765 1079 2840 orbis,

294 2873 344 2934 Ex
360 2892 425 2954 quo
442 2872 596 2954 reliquias
613 2861 781 2953 divinique
798 2891 874 2933 ossa
891 2872 1038 2951 parentis

293 2976 511 3040 Condidimus
527 2986 615 3039 terra
632 2986 843 3058 maestasque
860 2975 1063 3038 sacravimus
1080 2995 1164 3037 aras.

294 3082 432 3164 lamque
449 3081 529 3156 dies,
547 3081 610 3143 nisi
628 3081 734 3155 fallor,
753 3081 857 3155 adest,
877 3099 975 3162 quem
992 3099 1125 3160 semper
1141 3078 1307 3152 acerbum,

207 3213 235 3262 50
290 3186 432 3267 Semper
447 3187 645 3248 honoratum
656 3185 755 3246 —sic
772 3184 805 3245 di
822 3184 972 3247 voluistis
983 3182 1175 3245 -habebo

294 3291 395 3352 Hunc
411 3309 473 3370 ego
491 3289 640 3353 Gaetulis
658 3308 791 3370 agerem
810 3287 837 3350 si
855 3287 1009 3372 Syrtibus
1026 3287 1128 3362 exsul,

294 3392 495 3474 Argolicove
512 3392 594 3455 mari
610 3393 795 3474 deprensus
812 3401 845 3455 et
862 3391 943 3454 urhe
965 3393 1139 3476 Mycenae,

294 3498 419 3560 Annua
434 3507 512 3560 vota
528 3506 640 3560 tamen
657 3496 900 3578 sollemnesque
919 3496 1033 3558 ordine
1050 3514 1192 3576 pompas

294 3603 512 3683 Exsequerer,
531 3610 757 3682 strueremque
775 3599 842 3662 suis
859 3599 973 3661 altaria
991 3599 1096 3662 donis.

209 3729 237 3781 55
295 3706 395 3766 Nunc
412 3705 498 3766 ultro
515 3704 557 3764 ad
574 3703 701 3766 cineres
718 3702 822 3784 ipsius
839 3713 872 3765 et
888 3723 965 3764 ossa
982 3701 1140 3784 parentis,

270 3837 276 3848 ·
293 3805 414 3884 (Haud
430 3807 582 3887 equidem
600 3806 671 3868 sine
689 3816 798 3868 mente
816 3827 889 3869 reor
907 3808 977 3868 sine
994 3805 1130 3870 numine
1147 3804 1288 3890 divum)
