2800 4286
500 263 614 316 meaa
642 263 793 316 saxrus
1135 276 1198 342 177,
1224 285 1227 290 ·

91 464 140 517 775
176 441 336 506 Pometios
354 429 583 524 Castrumque
601 442 677 506 Inui
694 443 877 526 Bolamque
894 444 1090 527 Coramque.

176 546 267 609 Haec
282 556 356 609 tum
374 546 515 608 nomina
525 556 632 623 erunt,
644 567 732 610 nunc
746 556 824 610 sunt
840 548 911 611 sine
928 548 1061 612 nomine
1074 559 1191 613 terrae.

215 649 336 732 “Quin
353 660 388 714 et
404 670 470 713 avo
486 649 641 714 comitem
659 671 731 714 sese
750 652 934 716 Mavortius
950 653 1052 716 addet

176 755 347 830 Romulus,
366 754 529 817 Assaraci
546 775 644 837 quem
662 755 834 837 sanguinis
853 756 914 818 Ilia
930 767 1037 820 mater

175 859 309 922 Educet.
358 859 493 935 Viden’,
511 869 547 922 ut
562 859 717 941 geminae
736 869 825 924 stant
841 863 964 926 vertice
980 861 1110 937 cristae,

93 968 140 1031 780
173 963 214 1026 Et
229 973 324 1044 pater
341 963 415 1046 ipse
433 983 494 1026 suo
511 983 667 1045 superum
684 963 749 1027 iam
766 964 877 1046 signat
894 966 1043 1029 honore?

177 1067 234 1143 En,
252 1067 361 1143 huius,
381 1077 469 1142 nate,
488 1067 644 1150 auspiciis
662 1068 717 1132 illa
733 1068 858 1132 incluta
875 1071 984 1132 Roma

176 1172 356 1254 Imperium
374 1171 479 1247 terris,
498 1173 626 1236 animos
642 1173 798 1255 aequabit
815 1172 971 1262 Olympq

176 1260 379 1359 Septemque
396 1297 464 1338 una
480 1275 542 1338 sibi
559 1297 654 1340 muro
671 1277 887 1340 circumdabit
903 1298 1006 1354 arces,

175 1381 264 1443 Felix
281 1381 377 1462 prole
393 1379 522 1444 virum:
546 1380 652 1463 qualis
671 1382 870 1465 Berecyntia
886 1392 991 1446 mater

97 1489 137 1554 785
174 1485 347 1548 Invehitur
364 1505 463 1548 curru
482 1485 644 1569 Phrygias
660 1485 778 1548 turrita
794 1506 854 1568 per
870 1487 978 1563 urbes,

174 1589 276 1652 Laeta
294 1589 394 1652 deum
413 1598 520 1670 partu,
539 1599 673 1652 centum
690 1590 864 1671 complexa
879 1601 1029 1672 nepotes,

172 1693 300 1772 Omnes
317 1693 504 1768 caelicolaS,
524 1714 640 1757 omnes
657 1714 778 1776 supera
794 1695 861 1757 alta
876 1705 1038 1759 tenentes

145 1845 153 1866 t
214 1797 326 1860 “Huc
340 1797 494 1878 geminas
507 1817 596 1860 nunc
607 1797 704 1861 flecte
716 1797 814 1874 aclea,
829 1800 916 1862 hanc
929 1799 1042 1881 aspice
1055 1810 1190 1882 gentem

173 1902 412 1983 Romanosque
429 1911 512 1965 tuoe.
563 1902 628 1965 Hic
645 1903 769 1966 Caesar
784 1912 817 1966 et
834 1903 941 1966 omnis
959 1904 1023 1967 Iuli

98 2022 138 2073 790
174 2005 364 2087 Progeniea
384 2025 544 2086 magnum
562 2006 644 2069 caeli
661 2016 802 2070 ventura
819 2007 880 2070 sub
898 2027 1003 2070 axem.

174 2109 238 2173 Hic
254 2109 314 2186 vir,
333 2109 387 2173 hic
403 2119 464 2185 est,
481 2109 541 2173 tibi
558 2129 656 2192 quem
675 2111 822 2192 promitti
839 2111 972 2193 saepius
989 2112 1093 2188 audis,

173 2212 350 2296 Augustus
368 2214 501 2289 Caesar,
521 2213 599 2276 Divi
615 2234 732 2295 genus,
750 2235 851 2278 aurea
867 2216 988 2279 condet
1120 2217 1125 2226 '

174 2317 315 2382 Saecula
331 2318 388 2400 qui
405 2338 519 2382 rursus
539 2318 635 2382 Latio
652 2328 791 2399 regnata
809 2340 868 2401 per
885 2339 964 2382 arva

175 2421 319 2485 Saturno
337 2422 516 2504 quondam,
535 2442 636 2503 super
652 2432 685 2485 et
702 2423 922 2486 Garamantas
939 2433 973 2486 et
990 2424 1093 2487 Indos

98 2541 136 2596 795
174 2525 324 2589 Proieret
342 2525 536 2607 imperium;
561 2526 647 2590 iacet
663 2536 755 2590 extra
772 2527 882 2590 sidera
897 2527 1004 2603 telluS‚

174 2629 276 2692 Extra
293 2629 373 2693 anni
390 2630 534 2713 solisque
550 2631 630 2706 vias,
648 2630 704 2693 ubi
721 2613 859 2694 caelifer
873 2632 973 2696 Atlas

174 2734 282 2797 Axem
299 2754 416 2798 umero
432 2745 565 2817 torquet
582 2735 685 2798 stellis
702 2735 896 2799 ardentibus
912 2747 1037 2818 aptum.

174 2838 286 2901 Huius
300 2839 335 2900 in
353 2839 533 2902 adventum
551 2840 616 2902 iam
634 2849 773 2904 nuncet
791 2839 914 2922 Caspia
930 2860 1035 2922 regna

174 2942 360 3024 Responsis
376 2943 512 3006 horrent
528 2942 640 3006 divum
657 2953 691 3006 et
708 2944 856 3010 Maeotia
871 2944 979 3020 telluS,

94 3050 136 3100 800
174 3047 217 3109 Et
233 3047 494 3128 septemgemini
510 3047 646 3110 turbant
663 3047 794 3128 trepida
810 3048 894 3111 ostia
912 3047 989 3112 Nili.
1062 3073 1087 3130 Λ
1185 3069 1186 3072 ’

174 3151 246 3213 Nec
263 3170 341 3214 vero
359 3151 497 3214 Alcides
513 3161 644 3215 tantum
662 3151 788 3215 telluris
806 3151 917 3228 obivit,
992 3236 994 3240 ,
1039 3175 1090 3235 „T

174 3253 298 3318 Fixerit
314 3256 504 3336 aeripedem
522 3277 654 3320 cervam
672 3256 756 3332 licet,
776 3265 833 3343 aut
851 3257 1086 3341 Erymanthipq
1131 3288 1177 3350 ug

176 3358 304 3422 Pacarit
318 3379 465 3435 nemora,
484 3371 517 3424 et
535 3361 680 3424 Lernam
698 3360 924 3425 tremefecerit
939 3381 1085 3442 arcuqqq

176 3463 257 3538 Nec,
275 3465 332 3546 qui
349 3465 536 3546 pampineis
552 3465 657 3530 victor
674 3465 752 3547 iuga
768 3466 871 3529 flectit
888 3464 1088 3547 habepiqup

97 3573 137 3641 805
178 3567 289 3641 Liber,
307 3589 413 3650 agens
430 3569 519 3634 celso
538 3571 652 3654 Nysae
669 3570 711 3634 de
727 3570 851 3634 vertice
867 3570 1084 3651 tigres.10„-1[q

177 3671 219 3734 Et
235 3672 428 3736 dubitamus
444 3674 553 3736 adbuc
569 3674 725 3738 virtutem
742 3673 921 3737 extendere
933 3674 1085 3772 lWllQI

176 3777 246 3840 Aut
262 3787 372 3840 metus
390 3778 542 3841 Ausonia
559 3776 1083 3861 prohibetconsistere,teepJ311J
1127 3813 1174 3867 Opq

254 3889 371 3936 raiaza’s
387 3899 568 3936 nauare-12
605 3879 611 3890 '
