2796 4282
197 287 258 348 166
550 296 708 348 VERGlLl
736 295 934 350 AENEIDOS

282 473 407 548 Sutilis,
424 483 457 538 et
474 475 612 538 multam
629 475 758 556 accepit
773 475 895 538 rimosa
911 475 1080 556 paludem.

193 599 241 652 4¹5
281 577 434 642 Tandem
451 587 542 642 trans
559 578 694 642 fluvium
712 579 894 642 incolumes
909 588 1089 660 vatemque
1106 577 1293 657 virumque

283 680 425 745 lniormi
440 682 518 746 limo
535 682 721 765 glaucaque
737 682 873 764 exponit
888 685 922 746 in
935 684 1024 745 'ulva

325 785 590 863 Cerberus-haec
607 787 726 868 ingens
743 787 864 850 latratu
881 805 985 867 regna
1001 787 1136 850 trifauci

282 890 451 965 Personat,
469 890 608 954 adverso
625 891 789 954 recubans
805 891 959 952 immanis
975 892 1014 952 in
1025 900 1131 952 antro.

281 994 342 1056 Cui
359 1003 462 1069 vates,
481 995 615 1058 horrere
632 994 748 1060 videns
766 995 830 1057 iarn
848 995 933 1058 colla
948 995 1103 1069 colubris,

193 1124 240 1170 420
284 1098 385 1159 Melle
403 1108 591 1179 soporatam
609 1109 644 1161 et
660 1097 832 1162 medicatis
849 1099 1001 1179 frugibus
1018 1099 1122 1160 osiam

281 1200 402 1264 Obicit.
452 1203 512 1266 llle
531 1203 621 1265 tarne
638 1203 752 1266 rabida
769 1202 831 1264 tria
847 1212 981 1283 guttura
999 1203 1153 1284 pandens

281 1305 425 1386 Corripit
440 1306 615 1382 obiectam,
634 1316 733 1388 atque
750 1306 907 1370 immania
922 1316 1018 1387 terga
1035 1305 1170 1368 resolvit

282 1410 390 1472 Fusus
407 1408 508 1485 humi,
526 1419 663 1492 totoque
680 1413 799 1492 ingens
816 1411 1004 1474 extenditur
1020 1419 1127 1473 antro.

281 1497 584 1593 Occupat'Aeneas
601 1515 727 1578 aditum
744 1515 884 1580 custode
900 1516 1040 1595 sepulto,

81 1632 86 1640 ·
192 1639 239 1692 4²5
284 1617 471 1699 Evaditque
487 1619 575 1680 celer
591 1619 697 1700 ripam
715 1619 938 1683 inremeabilis
954 1619 1073 1682 undae.

325 1722 490 1785 Continuo
507 1722 639 1786 auditae
655 1743 756 1786 voces
772 1723 905 1804 vagitus
921 1733 955 1786 et
970 1723 1090 1802 ingens

284 1826 522 1907 Infantumque
540 1828 671 1891 animae
688 1827 806 1892 flentes
821 1828 856 1888 in
873 1826 985 1890 limine
1001 1827 1118 1908 prim0‚

283 1929 376 2010 Quos
393 1929 499 1993 dulcis
515 1930 603 1994 vitae
619 1941 768 1994 exsortes
783 1940 818 1994 et
833 1931 875 1994 ab
893 1931 994 1994 ubere
1009 1940 1126 2011 raptos

282 2032 431 2096 Abstulit
448 2043 519 2096 atra
534 2034 606 2097 dies
622 2043 656 2098 et
672 2035 791 2098 funere
807 2035 922 2098 mersit
936 2034 1066 2098 acerbo

193 2162 240 2212 430
283 2137 357 2200 Hos
373 2139 464 2199 iuxta
481 2138 567 2200 ialso
583 2139 732 2201 damnati
748 2138 886 2202 crimine
900 2138 1025 2202 mortis.

284 2241 356 2302 Nec
372 2261 451 2303 vero
469 2241 531 2304 hae
548 2243 620 2304 sine
637 2253 725 2305 sorte
742 2243 850 2318 datae,
867 2242 938 2305 sine
954 2242 1072 2316 iudice,
1089 2241 1207 2306 sedes:

283 2343 461 2424 Quaesitor
480 2345 591 2408 Minos
608 2365 725 2408 urnam
743 2355 873 2422 movet;
897 2346 952 2410 ille
969 2330 1124 2410 silentum

283 2448 535 2530 Conciliumque
551 2459 649 2512 vocat
665 2449 817 2531 vitasque
833 2460 866 2513 et
883 2438 1021 2512 crimina
1037 2449 1142 2513 discit.

283 2549 434 2615 Proxima
450 2553 570 2616 deinde
587 2563 703 2616 tenent
720 2555 837 2616 maesti
853 2554 935 2628 loca,
954 2553 1010 2636 qui
1026 2553 1088 2616 sibi
1104 2553 1208 2616 letum

193 2679 240 2732 435
283 2656 438 2718 Insontes
456 2676 617 2738 peperere
635 2677 744 2733 manu,
763 2658 937 2740 lucemque
955 2657 1064 2739 perosi

283 2759 454 2823 Proiecere
470 2760 607 2824 animas.
657 2762 768 2843 Quam
785 2761 910 2826 vellent
925 2762 1060 2826 aethere
1076 2762 1109 2823 in
1126 2761 1195 2824 alto
1218 2821 1220 2824 .

283 2865 314 2926 N
318 2884 382 2926 unc
399 2874 432 2927 et
449 2865 641 2946 pauperiem
659 2876 693 2928 et
707 2866 808 2928 duros
825 2867 975 2947 perterre
990 2865 1139 2928 labores!
1384 2879 1385 2957 l

282 2969 349 3030 Fas
365 2968 484 3044 obstat,
502 2969 654 3051 tristique
672 2971 768 3052 palus
784 2969 971 3032 inamabilis
987 2969 1077 3032 unda

282 3072 419 3152 Alligat,
437 3083 469 3135 et
487 3073 625 3136 noviens
643 3074 726 3157 Styx
743 3074 907 3136 interfusa
923 3083 1062 3138 coercet.

193 3203 241 3248 440
327 3176 399 3238 Nec
416 3177 531 3256 procul
548 3177 625 3241 hinc
643 3187 771 3258 partem
788 3177 855 3240 iusi
874 3187 1102 3241 monstrantur
1116 3178 1150 3240 in
1167 3197 1295 3241 omnem

283 3279 456 3359 Lugentes
473 3283 601 3361 campi;
627 3281 673 3344 sic
691 3281 764 3344 illos
781 3281 914 3345 nomine
931 3282 1054 3345 dicunt.

283 3383 360 3458 Hic,
377 3403 460 3464 quos
477 3384 581 3448 durus
597 3405 690 3448 amor
704 3385 831 3449 crudeli
847 3385 923 3450 tabe
939 3384 1076 3466 peredit,

283 3485 410 3549 Secreti
426 3487 535 3550 celant
551 3487 653 3551 calles
669 3496 703 3551 et
718 3497 847 3572 myrtea
862 3488 986 3552 circum
1380 3441 1382 3585 i

283 3575 375 3652 Silua
390 3590 492 3670 tegit;
516 3610 615 3654 curae
632 3611 698 3654 non
714 3592 789 3672 ipsa
804 3593 838 3654 in
855 3601 961 3656 morte
976 3591 1178 3675 relinquunt.

195 3713 243 3764 445
285 3691 350 3753 His
383 3693 567 3754 Phaedram
603 3694 814 3775 Procrimque
848 3694 937 3771 locis,
969 3705 1200 3779 maestamque
1232 3696 1296 3760 Eri·

329 3793 464 3876 phylen,
