2800 4286
473 300 589 356 LIBER
615 299 808 356 SEPTIMUS

174 481 378 564 Spiculaque
396 481 565 564 clipeique
580 490 761 563 ereptaque
777 486 884 543 rostra
899 477 1028 543 carinis.

175 587 251 668 lpse
267 586 442 669 Quirinali
457 585 547 662 litu0,
565 605 735 668 parvaque
752 584 889 648 sedebat

177 691 375 754 Succinctus
392 689 519 765 trabea,
532 690 693 772 laevaque
708 687 815 752 ancile
831 688 969 770 gerebat

178 795 281 869 Picus,
297 814 424 876 equum
442 793 602 870 domit0r;
627 812 725 875 quem
742 800 841 874 capta
856 789 1012 873 cupidine
1024 790 1166 854 coniunx

94 923 140 972 190
177 898 288 962 Aurea
304 917 504 980 percussum
519 897 614 978 virga
630 915 830 978 versumque
845 896 983 958 venenis
1067 953 1070 958 .

180 1002 271 1065 Fecit
287 1021 384 1064 avem
403 1001 508 1077 Circe,
526 999 714 1083 sparsitque
730 999 895 1064 coloribus
912 999 990 1062 alas.

180 1107 251 1168 Tali
266 1108 357 1169 intus
373 1105 500 1185 templo
516 1104 629 1167 divum
645 1105 819 1186 patriaque
836 1103 976 1166 Latinus

182 1209 267 1273 Sede
283 1210 407 1272 sedens
423 1209 571 1272 Teucros
587 1210 629 1284 ad
646 1228 720 1272 sese
735 1210 769 1270 in
784 1217 874 1271 tecta
889 1207 1036 1284 vocavit;

180 1314 292 1396 Atque
309 1313 393 1376 haec
410 1312 570 1394 ingressis
587 1312 717 1394 placido
734 1313 823 1395 prior
838 1311 941 1374 edidit
954 1330 1033 1376 ore:

99 1439 144 1492 ¹95
223 1417 372 1493 “Dicite,
409 1415 799 1498 Dardanidae—neque
834 1416 922 1478 enim
960 1413 1128 1477 nescimus
1165 1423 1198 1476 et

264 1521 383 1584 urbem

182 1627 224 1690 Et
239 1645 357 1708 genus,
372 1624 545 1707 auditique
562 1624 733 1688 advertitis
749 1643 893 1706 aequore
905 1642 1047 1696 cursum,
1058 1659 1103 1668 -
1168 1680 1172 1684 .

180 1730 268 1812 Quid
285 1728 423 1811 petitis?
446 1748 531 1811 quae
544 1749 645 1792 causa
660 1738 749 1791 rates
765 1738 822 1790 aut
838 1727 931 1791 cuius
947 1736 1085 1808 egentes
1185 1749 1189 1758 ·

181 1834 274 1897 Litus
291 1833 334 1896 ad
352 1832 541 1896 Ausonium
557 1841 606 1896 tot
622 1852 682 1915 per
696 1832 782 1895 vada
798 1831 931 1895 caerula
946 1829 1056 1893 vexit?

181 1938 255 2002 Sive
272 1956 385 2000 errore
400 1936 482 2012 viae,
500 1957 559 2000 seu
575 1923 830 2017 tempestatibus
846 1936 920 2010 acti,

101 2068 143 2103 200
181 2041 301 2124 Qualia
318 2041 423 2104 multa
439 2040 522 2103 mari
536 2050 659 2103 nautae
672 2042 844 2122 patiuntur
859 2039 892 2102 in
908 2039 985 2114 alto,

180 2144 345 2208 Fluminis
360 2144 508 2208 intrastis
524 2146 614 2226 ripas
630 2153 795 2227 portuque
811 2142 943 2218 sedetis,

181 2249 232 2313 Ne
249 2247 358 2329 fugite
374 2248 563 2330 hospitium,
581 2267 667 2311 neve
683 2248 835 2330 ignorate
853 2247 991 2310 Latinos

180 2352 316 2418 Saturni
332 2362 477 2434 gentem,
494 2352 585 2415 haud
602 2352 712 2415 vinclo
729 2372 791 2424 nec
808 2351 937 2433 legibus
953 2370 1104 2434 aequam,

180 2457 309 2540 Sponte
327 2476 388 2519 sua
401 2455 590 2539 veterisque
605 2455 660 2518 dei
676 2476 712 2519 se
728 2475 819 2519 more
836 2464 1015 2518 tenentem.

101 2584 142 2636 ως
179 2562 294 2644 Atque
316 2560 470 2642 equidem
491 2559 781 2624 memini—fama
798 2569 848 2624 est
865 2560 1035 2629 obscurior
1050 2558 1199 2621 annis—

179 2666 360 2729 Auruncos
376 2663 422 2726 ita
437 2663 525 2727 ferre
541 2684 648 2741 senes,
666 2665 718 2727 his
735 2674 827 2727 ortus
843 2673 879 2726 ut
895 2664 984 2744 agris

182 2770 362 2832 Dardanus
380 2768 500 2832 Idaeas
517 2769 682 2852 Phrygiae
699 2769 879 2850 penetrarit
895 2767 937 2830 ad
954 2767 1060 2854 urbes

179 2874 436 2954 Threiciamque
449 2872 583 2948 Samon,
601 2893 686 2956 quae
702 2892 791 2935 nunc
809 2871 1039 2937 Samothracia
1055 2871 1169 2933 fertur.

182 2977 272 3040 Hinc
287 2976 390 3051 illum,
409 2975 548 3060 Corythi
564 2976 742 3061 Tyrrhena
757 2975 798 3039 ab
816 2975 895 3039 sede
912 2974 1109 3058 proiectum,

99 3107 142 3143 210
181 3080 295 3144 Aurea
311 3099 400 3143 nunc
417 3076 499 3143 solio
516 3080 678 3143 stellantis
695 3081 792 3162 regia,
802 3079 885 3144 caeli

181 3184 315 3266 Accipit
329 3193 365 3247 et
379 3203 554 3246 numerum
570 3183 721 3248 divorum
738 3183 898 3246 altaribus
914 3183 1046 3264 auget.'’

226 3288 382 3364 Dixerat;
407 3296 441 3350 et
456 3287 546 3350 dicta
563 3287 710 3351 Ilioneus
727 3287 773 3350 sic
789 3307 872 3351 voce
888 3295 1040 3349 secutus:

183 3397 201 3423 ‘¹
213 3392 295 3467 Rex,
313 3411 420 3473 genus
436 3392 609 3473 egregium
628 3390 744 3466 Fauni,
762 3410 825 3454 nec
846 3390 1001 3454 fluctibus
1018 3399 1110 3452 actos

183 3496 268 3558 Atra
284 3494 417 3576 subegit
433 3494 539 3558 hiems
554 3495 673 3558 vestris
690 3495 868 3558 succedere
883 3493 989 3570 terris,
1057 3507 1062 3514 ·

100 3625 142 3678 215
183 3599 254 3663 Nec
270 3599 362 3662 sidus
379 3601 514 3681 regione
530 3600 603 3662 viae
619 3599 738 3662 litusve
754 3598 891 3676 fefellit;

182 3704 330 3768 Consilio
346 3703 433 3766 hanc
449 3722 566 3766 omnes
582 3702 969 3786 animisque'volentibus
986 3701 1101 3764 urbem
1211 3699 1213 3704 ’

182 3806 387 3881 Adierimur,
405 3807 493 3887 pulsi
508 3808 630 3888 regnis,
648 3825 734 3888 quae
750 3807 893 3890 maxima
908 3804 1076 3886 quondam
