2816 4282
464 315 579 368 mesu
604 315 836 370 ononcmus
1138 323 1200 390 307

174 498 436 579 Dereptumque
453 495 496 559 ab
512 515 598 579 equo
614 497 729 559 dextra
745 496 974 577 complectitur
990 496 1119 560 hostem

174 602 214 664 Et
229 601 405 683 gremium
422 610 500 664 ante
517 621 614 663 suum
630 601 734 663 multa
749 601 782 663 vi
798 600 947 665 concitus
963 601 1082 664 aufert.

89 727 133 780 745
173 706 318 769 Tollitur
334 705 372 768 in
389 706 520 768 caelum
537 705 670 779 clamor,
688 704 866 786 cunctique
883 704 994 768 Latini

175 811 385 874 Convertere
401 809 526 872 oculos.
555 809 560 818 '
573 808 674 872 Volat
689 810 807 890 igneus
823 828 967 890 aequore
983 809 1147 885 Tarchon,

175 913 282 976 Arma
297 915 479 995 virumque
495 912 626 990 lerens;
651 922 721 974 tum
738 931 868 976 summa
884 912 988 995 ipsius
1004 913 1046 975 ab
1063 912 1159 976 hasta

178 1018 353 1099 Defringit
368 1017 507 1092 ferrum,
525 1026 558 1079 et
574 1008 685 1102 partes
701 1016 839 1080 rimatur
856 1026 999 1101 apertas,

178 1121 254 1203 Qua
268 1121 395 1184 vulnus
412 1121 512 1184 letale
528 1121 634 1196 ferat3
657 1130 773 1184 contra
789 1121 844 1184 ille
860 1141 1052 1202 repugnans

97 1248 144 1300 750
180 1226 329 1290 Sustinet
347 1246 366 1288 a
382 1225 499 1306 iugulo
513 1225 673 1300 dextram,
691 1235 725 1288 et
739 1226 806 1287 vim
822 1224 947 1289 viribus
963 1225 1038 1287 exit.

180 1331 294 1413 thue
310 1329 432 1392 volans
448 1328 513 1392 alte
530 1338 662 1410 raptum
679 1349 755 1391 cum
772 1329 866 1392 fulva
881 1330 1060 1392 draconem
1096 1323 1098 1327 ’

146 1512 152 1524 ¹
181 1435 258 1497 Fert
274 1433 398 1515 aquila,
412 1432 641 1518 implicuitque
655 1433 767 1514 pedes
782 1442 881 1515 atque
894 1433 1061 1514 unguibus
1074 1433 1180 1496 haesit
1192 1454 1198 1508 ;

182 1537 322 1601 Saucius
339 1547 373 1600 at
389 1557 529 1618 serpens
546 1537 680 1600 sinuosa
696 1537 865 1600 volumina
881 1546 1000 1612 versat,

181 1642 399 1724 Arrectisque
416 1639 528 1703 horret
544 1641 700 1722 squamis
717 1649 751 1704 et
766 1640 877 1704 sibilat
893 1661 958 1715 ore,

103 1767 144 1820 755
182 1746 319 1808 Arduus
335 1746 534 1825 insurgens;
557 1745 613 1807 illa
629 1745 719 1809 haud
735 1745 845 1808 minus
860 1753 959 1826 urget
973 1744 1104 1808 obunco

183 1850 382 1912 Luctantem
400 1857 508 1911 rostro
521 1869 528 1924 ;
553 1849 651 1912 simul
667 1850 803 1912 aethera
819 1848 973 1912 verberat
987 1849 1069 1912 alis:

183 1954 284 2016 Haud
301 1953 398 2016 aliter
415 1953 574 2034 praedam
589 1952 766 2016 Tiburtum
783 1973 823 2016 ex
839 1941 972 2034 agmine
988 1953 1144 2016 Tarchon

183 2058 294 2120 Portat
310 2077 425 2120 ovans.
475 2057 579 2120 Ducis
595 2057 784 2142 exemplum
800 2067 1023 2139 eventumque
1040 2057 1145 2120 secuti

184 2161 382 2224 Maeonidae
397 2161 578 2224 incurrunt.

617 2266 704 2328 Tum
721 2266 800 2328 fatis
816 2266 947 2329 debitus
964 2266 1096 2328 Arruns

105 2376 148 2439 760
182 2369 342 2433 Velocem
358 2368 468 2431 iaculo
483 2377 516 2432 et
532 2370 636 2431 multa
654 2371 743 2451 prior
759 2379 831 2433 arte
846 2370 1020 2434 Camillam

182 2471 316 2547 Circuit,
334 2481 377 2546 et,
396 2491 481 2554 quae
498 2474 539 2536 sit
555 2473 691 2536 fortuna
708 2473 875 2549 facillima,
892 2482 1043 2554 temptat.

183 2576 259 2658 Qua
276 2597 312 2640 se
328 2596 472 2658 cumque
489 2577 604 2640 furens
620 2577 730 2640 medio
746 2577 821 2640 tulit
836 2577 970 2659 agmine
986 2577 1089 2659 virg0‚

184 2681 259 2744 Hac
276 2680 410 2743 Arruns
427 2680 522 2757 subit,
540 2691 574 2743 et
589 2683 709 2762 tacitus
724 2681 865 2762 vestigia
881 2681 1017 2756 lustrat;

183 2784 259 2866 Qua
274 2784 390 2847 victrix
403 2784 492 2848 'redit
508 2785 564 2847 illa
581 2786 768 2868 pedemque
784 2805 824 2848 ex
841 2787 936 2849 hoste
955 2794 1111 2868 reportat,

104 2897 144 2961 7⁶5
184 2888 260 2952 Hac
276 2888 406 2951 iuvenis
421 2889 534 2952 furtim
551 2890 677 2954 celeres
691 2890 866 2972 detorquet
881 2890 1037 2953 habenas.

183 2993 257 3055 Hos
274 2993 394 3067 aditus,
412 2992 543 3075 iamque
560 2994 621 3057 hos
637 2995 755 3071 aditus,
773 3015 971 3078 omnemque
988 3004 1136 3076 pererrat

183 3097 343 3178 Undique
358 3096 542 3174 circuitum,
556 3108 590 3161 et
605 3109 729 3161 certam
747 3101 854 3182 quatit
868 3099 1040 3181 improbus
1057 3100 1197 3162 hastam.

228 3201 328 3264 Forte
345 3220 439 3264 sacer
455 3202 602 3286 Cybelae
619 3203 789 3279 Chloreus,
807 3203 951 3286 olimque
968 3203 1133 3277 sacerdos,

187 3302 331 3385 Insignis
348 3306 448 3386 longe
466 3307 618 3390 Phrygiis
635 3308 787 3388 fulgebat
803 3310 836 3370 in
853 3308 963 3383 armis,

104 3429 146 3479 770
185 3407 471 3492 Spumantemque
488 3411 636 3492 agitabat
652 3431 785 3494 equum,
802 3431 900 3494 quem
919 3413 1015 3494 pellis
1032 3410 1124 3474 ae'nis

187 3512 224 3575 In
241 3513 391 3594 plumam
408 3514 555 3596 squamis
571 3535 653 3580 auro
669 3526 821 3580 conserta
836 3515 980 3598 tegebat.

186 3615 273 3697 lpse,
291 3617 469 3699 peregrina
485 3617 656 3700 ferrugine
672 3621 780 3684 clarus
797 3630 830 3684 et
846 3629 944 3694 ostro,

185 3720 322 3803 Spicula
338 3721 512 3803 torquebat
531 3723 634 3806 Lycio
651 3724 812 3809 Gortynia
828 3743 953 3800 cornu;

183 3825 319 3889 Aureus
336 3843 375 3888 ex
389 3826 513 3889 umeris
529 3836 600 3890 erat
616 3845 722 3904 arcus,
739 3836 773 3891 et
788 3846 889 3892 aurea
906 3829 976 3890 vati
