2800 4286
502 343 617 395 LIBER
644 345 823 398 OCTAVUS
1150 355 1208 402 211

188 525 361 606 Obstipuit
377 533 475 587 tanto
494 544 671 605 percussus
687 525 821 586 nomine
839 525 967 588 Pallas:

189 635 205 660 “
217 629 392 710 Egredere
410 649 430 691 o
447 627 648 710 quicumque
665 649 700 690 es
712 629 729 653 '’
753 629 799 691 ait
816 635 1021 711 “coramque
1038 641 1210 712 parentem

189 734 394 816 Adloquere,
413 753 452 795 ac
469 732 591 794 nostris
608 734 749 796 succede
766 734 944 816 penatibus
960 735 1113 818 hospes.''

191 837 401 920 Excepitque
416 857 531 912 manu,
548 837 764 919 dextramque
780 839 954 920 amplexus
966 840 1120 904 inhaesit.

102 965 150 1016 125
191 943 363 1024 Progressi
380 941 527 1004 subeunt
543 941 627 1016 luc0,
644 941 847 1024 fluviumque
863 943 1062 1025 relinquunt.

231 1048 320 1109 Tum
336 1066 453 1127 regem
471 1045 607 1108 Aeneas
623 1045 719 1108 dictis
736 1047 870 1109 adfatur
885 1047 1017 1111 amicis:

191 1151 359 1232 “Optime
376 1151 617 1230 Graiugenum,
634 1151 687 1213 cui
703 1171 757 1213 me
775 1152 924 1214 Fortuna
940 1152 1070 1232 precari

192 1255 234 1317 Et
248 1255 333 1317 vitta
349 1264 504 1336 comptos
520 1255 624 1317 voluit
640 1256 859 1336 praetendere
875 1277 994 1331 ramos,

191 1358 267 1422 Non
284 1358 443 1441 equidem
464 1357 609 1434 extimui,
629 1360 785 1421 Danaum
802 1361 891 1442 quod
908 1360 1025 1423 ductor
1041 1370 1075 1423 et
1091 1361 1208 1432 Arcas,

107 1486 154 1534 130
191 1463 358 1546 Quodque
374 1463 417 1525 ab
434 1462 539 1544 stirpe
555 1463 645 1526 fores
660 1465 802 1544 geminis
819 1464 1015 1527 coniunctus
1033 1464 1179 1540 Atridis;

192 1567 256 1631 Sed
273 1587 351 1630 mea
365 1587 421 1629 me
438 1566 542 1629 virtus
559 1577 592 1630 et
608 1578 723 1630 sancta
739 1569 874 1630 oracula
890 1569 1011 1643 divum,

190 1673 401 1754 Cognatique
419 1681 541 1752 patres,
558 1681 615 1734 tua
632 1672 726 1734 terris
744 1672 848 1735 didita
864 1674 964 1748 lama,

190 1776 401 1840 Coniunxere
416 1774 487 1850 tibi,
504 1785 538 1838 et
553 1775 633 1838 fatis
649 1796 747 1856 egere
764 1777 940 1840 volentem.

190 1881 381 1955 Dardanus,
401 1879 526 1942 iliacae
541 1879 668 1961 primus
685 1891 780 1961 pater
797 1881 886 1944 urbis
903 1891 936 1944 et
953 1893 1076 1957 auctor,

110 2002 151 2054 ι35
187 1985 332 2060 Electra,
349 1993 388 2046 ut
405 1982 484 2047 Grai
501 1983 687 2066 perhibent,
706 1985 882 2048 Atlantide
898 1996 1017 2060 cretus

189 2088 381 2152 Advehitur
397 2089 563 2165 Teucros;
590 2089 759 2151 Electram
776 2089 940 2152 maximus
956 2090 1055 2152 Atlas

190 2193 314 2268 Edidit,
333 2191 504 2284 aetherios
517 2213 631 2255 umero
648 2192 705 2274 qui
721 2193 864 2256 sustinet
881 2194 986 2256 orbes.

188 2297 295 2360 Vobis
313 2295 501 2358 Mercurius
517 2306 613 2378 pater
629 2306 687 2372 est,
706 2317 805 2380 quern
823 2298 965 2360 candida
984 2298 1075 2360 Maia

187 2401 349 2484 Cyllenae
365 2399 477 2481 gelido
492 2410 692 2482 conceptum
709 2403 833 2470 ¹vertice
849 2402 953 2479 iudit3

109 2525 153 2572 ¹40
189 2505 239 2568 At
257 2505 394 2580 Maiam,
412 2505 532 2567 auditis
545 2504 573 2566 si
590 2505 768 2587 quicquam
785 2506 960 2582 credimus,
978 2507 1086 2581 Atlas,

191 2609 286 2672 Idem
304 2608 405 2672 Atlas
421 2618 568 2690 generat,
587 2609 670 2672 caeli
686 2609 743 2692 qui
760 2610 868 2672 sidera
884 2611 976 2673 tollit.

190 2713 245 2778 Sic
262 2733 370 2796 genus
387 2713 560 2776 amborum
577 2713 698 2776 scindit
715 2735 751 2777 se
768 2715 931 2796 sanguine
948 2715 990 2777 ab
1006 2736 1081 2777 uno.

191 2817 257 2887 His
274 2818 381 2880 fretus
397 2819 465 2879 non
482 2817 610 2899 legatos
628 2838 736 2900 neque
752 2818 860 2900 prima
876 2839 935 2900 per
951 2829 1055 2881 artem

190 2924 450 3004 Temptamenta
465 2921 513 2984 tui
529 2921 662 3004 pepigi3
686 2943 749 2998 me,
766 2943 819 2985 me
836 2922 908 3005 ipse
924 2943 1100 3004 meumque

107 3050 148 3102 145
191 3025 310 3090 Obieci
326 3034 428 3108 caput
444 3035 478 3088 et
493 3025 634 3108 supplex
651 3026 694 3088 ad
710 3027 823 3088 limina
838 3028 923 3089 veni.

191 3131 284 3195 Gens
299 3130 428 3205 eadem,
445 3151 531 3212 quae
547 3139 589 3206 te,
608 3131 733 3194 crudeli
752 3130 886 3193 Daunia
901 3131 989 3194 bello

192 3234 403 3316 Insequitur;
427 3255 488 3296 nos
504 3233 532 3296 si
548 3234 683 3316 pellant,
700 3235 782 3296 nihil
799 3235 893 3298 afore
909 3236 1058 3310 credunt,

192 3338 282 3420 Quin
298 3357 432 3402 omnem
448 3338 649 3419 Hesperiam
664 3340 798 3420 penitus
815 3359 876 3402 sua
892 3339 953 3402 sub
970 3339 1048 3420 iuga
1065 3340 1206 3413 mittant,

193 3442 236 3505 Et
253 3463 352 3518 mare,
371 3442 460 3524 quod
477 3464 587 3524 supra,
606 3452 751 3519 teneant,
771 3443 927 3526 quodque
945 3444 1048 3506 adluit
1064 3445 1160 3505 infra.

108 3566 152 3616 150
192 3547 321 3628 Accipe
339 3546 448 3628 daque
465 3547 573 3610 fidem.
622 3547 708 3611 Sunt
724 3548 819 3610 nobis
836 3547 936 3610 fortia
952 3549 1038 3611 bello

194 3652 340 3724 Pectora,
359 3660 438 3713 sunt
454 3651 555 3714 animi
570 3661 605 3714 et
620 3652 720 3714 rebus
737 3661 889 3733 spectata
905 3652 1090 3715 iuventus.”

236 3754 376 3818 Dixerat
392 3755 538 3818 Aeneas.
587 3756 648 3818 Ille
665 3777 702 3818 os
719 3756 898 3838 oculosque
916 3755 1080 3838 loquentis

193 3859 393 3924 Iamdudum
410 3869 444 3923 et
459 3869 565 3922 totum
582 3859 746 3923 lustrabat
761 3858 885 3922 lumine
902 3879 1031 3939 corpus.
