2800 4286
508 303 624 356 LIBER
650 304 844 358 SEPTIMUS

203 481 285 562 Ipse
300 491 514 564 repertorem
531 481 714 546 medicinae
731 482 805 546 talis
821 493 854 547 et
870 483 950 546 artis

203 585 364 649 Fulmine
382 586 635 667 Phoebigenam
653 586 787 670 Stygias
804 588 944 651 detrusit
960 589 1002 651 ad
1019 590 1134 654 undas

202 690 256 754 At
269 690 386 753 Trivia
404 690 631 774 Hippolytum
648 693 784 754 secretis
800 693 888 755 alma
903 693 1053 758 recondit

114 815 158 869 775
203 794 360 869 Sedibus
379 803 414 858 et
429 795 600 879 nymphae
619 795 761 876 Egeriae
778 797 972 879 nemorique
991 798 1126 880 relegat,

203 899 306 963 Solus
323 899 382 962 ubi
398 898 432 962 in
449 898 540 962 silvis
558 899 652 962 Italis
669 899 823 981 ignobilis
840 921 959 966 aevum

204 1003 376 1086 Exigeret‚
394 1024 559 1085 versoque
575 1003 631 1067 ubi
647 1004 780 1068 nomine
797 1005 932 1068 Virbius
948 1017 1045 1072 esset.

203 1108 308 1172 Unde
325 1108 428 1172 etiarn
444 1109 570 1191 templo
586 1107 718 1170 Triviae
736 1109 885 1192 lucisque
902 1111 1040 1175 sacratis

203 1213 416 1294 Cornipedes
432 1222 588 1275 arcentur
604 1212 691 1296 equi,
708 1214 798 1296 quod
815 1214 909 1278 litore
925 1235 1056 1278 currum

114 1326 162 1388 780
205 1318 251 1380 Et
267 1319 423 1380 iuvenem
441 1317 596 1380 monstris
613 1317 724 1400 pavidi
739 1319 889 1382 effudere
906 1319 1049 1384 marinis.

205 1422 312 1484 Filius
329 1423 488 1485 ardentes
504 1422 593 1485 haud
610 1421 713 1485 setius
729 1442 873 1504 aequore
890 1426 999 1506 campi

205 1526 397 1590 Exercebat
412 1546 516 1608 equos
532 1545 697 1608 curruque
714 1526 747 1588 in
764 1527 851 1590 bella
868 1527 992 1592 ruebat.

208 1710 211 1714 ¹
251 1632 331 1712 lpse
347 1632 434 1693 inter
451 1629 575 1712 primos
593 1630 776 1713 praestanti
792 1651 930 1712 corpore
947 1633 1082 1697 Turnus

204 1737 357 1800 Vertitur
372 1755 466 1797 arma
482 1744 611 1810 tenens
628 1744 662 1798 et
677 1744 746 1798 toto
762 1735 884 1799 vertice
901 1757 1002 1818 supra
1017 1741 1075 1800 est.

118 1849 163 1915 785
206 1840 269 1905 Cui
285 1839 408 1922 triplici
424 1838 542 1901 crinita
558 1838 637 1901 iuba
652 1839 749 1920 galea
765 1840 831 1901 alta
849 1840 1058 1903 Chimaeram

207 1944 369 2019 Sustinet,
386 1941 558 2006 Aetnaeos
574 1942 742 2005 efflantem
760 1943 912 2007 faucibus
928 1943 1024 2025 ignes
1036 1965 1043 2008 :
1054 1983 1097 1990 —

205 2050 290 2111 Tam
309 2047 417 2129 magis
433 2047 489 2109 illa
506 2048 653 2110 fremens
669 2057 703 2110 et
718 2047 866 2110 tristibus
883 2048 989 2111 effera
1005 2048 1155 2125 flammis,

207 2153 317 2236 Quam
336 2151 443 2234 magis
460 2151 569 2215 effuso
585 2152 785 2215 crudescunt
802 2152 965 2234 sanguine
983 2173 1128 2234 pugnae.

206 2259 254 2321 At
270 2258 377 2321 levem
396 2258 539 2338 clipeum
557 2255 695 2320 sublatis
712 2256 868 2319 cornibus
887 2256 925 2320 Io

120 2385 166 2434 790
207 2363 303 2426 Auro
319 2361 509 2442 insignibat,
528 2361 593 2423 iam
609 2363 709 2423 saetis
726 2361 842 2437 obsita,
860 2361 926 2423 iam
943 2361 1013 2437 bos

205 2463 456 2544 Argumentum
473 2463 601 2542 ingens,
620 2471 653 2524 et
669 2471 782 2524 custos
798 2461 936 2542 virginis
953 2462 1078 2543 ArguS,

205 2567 411 2648 Caelataque
427 2586 559 2628 amnem
577 2565 723 2629 fundens
741 2575 835 2646 pater
853 2566 999 2628 Inachus
1016 2586 1106 2628 urna.

205 2669 398 2753 insequitur
414 2669 545 2732 nimbus
563 2669 721 2750 peditum,
739 2669 948 2751 clipeataque
964 2671 1043 2732 totis

204 2775 355 2857 Agmina
372 2775 554 2836 densentur
570 2774 706 2854 campis
725 2774 921 2856 Argivaque
938 2773 1044 2854 pubes

118 2903 162 2955 795
206 2882 455 2961 Auruncaeque
471 2898 599 2952 manus,
620 2877 735 2940 Rutuli
750 2887 946 2960 veteresque
963 2877 1075 2940 Sicani

205 2985 249 3047 Et
266 2985 434 3049 Sacranae
451 2982 538 3045 acies
554 2992 588 3045 et
605 2981 685 3065 picti
701 2992 796 3044 scuta
814 2981 948 3059 Labici;

204 3088 272 3171 Qui
289 3089 402 3162 saltus,
419 3087 585 3161 Tiberine,
603 3096 687 3162 tuos,
706 3106 903 3168 sacrumque
922 3086 1057 3150 Numici

204 3194 300 3256 Litus
316 3201 421 3266 arant,
441 3192 651 3272 Rutulosque
668 3199 823 3253 exercent
839 3211 973 3254 vomere
989 3190 1098 3263 colles,

203 3296 444 3378 Circaeumque
460 3296 586 3378 iugum,
603 3295 677 3377 quis
697 3295 847 3376 luppiter
864 3295 1024 3357 Anxurus
1041 3295 1128 3356 arvis

114 3412 162 3460 800
204 3400 384 3475 Praesidet‚
402 3409 435 3463 et
451 3399 547 3462 viridi
563 3399 714 3480 gaudens
732 3399 875 3462 Feronia
892 3399 987 3475 luco;

202 3504 278 3587 Qua
296 3504 436 3568 Saturae
451 3503 536 3568 iacet
552 3514 624 3567 atra
637 3505 741 3585 paluS,
760 3503 956 3586 gelidusque
973 3523 1032 3584 per
1048 3502 1131 3565 imas

202 3609 342 3692 Quaerit
357 3610 418 3672 iter
433 3609 536 3671 valles
553 3618 652 3690 atque
668 3608 702 3670 in
718 3628 809 3671 mare
825 3607 977 3671 conditur
994 3607 1115 3672 Ufens
1208 3686 1212 3694 Ι

247 3714 321 3776 Hos
338 3733 438 3795 super
453 3711 589 3775 advenit
604 3712 727 3776 Volsca
743 3711 784 3775 de
800 3721 901 3793 gente
918 3711 1067 3786 Camilla,

202 3819 337 3900 Agmen
355 3837 459 3898 agens
476 3817 625 3899 equitum
641 3824 674 3879 et
691 3816 847 3879 florentes
863 3835 939 3878 aere
955 3824 1115 3890 catervas
