2796 4282
209 307 268 370 168
559 311 717 366 VERGILI
745 309 943 364 AENEIDOS

294 493 360 555 Hic
376 490 423 554 illi
439 491 581 554 occurrit
597 491 748 574 Tydeus:
762 491 814 552 hic
830 489 974 552 inclutus
990 487 1094 550 armis

205 610 252 672 480
294 596 566 677 Parthenopaeus
582 604 616 657 et
633 594 771 656 Adrasti
787 593 941 676 pallentis
957 593 1088 674 imago;

294 700 361 762 Hic
377 700 517 761 multum
534 698 602 762 fleti
618 699 659 762 ad
676 717 814 779 superos
830 697 984 779 belloque
1000 697 1121 760 caduci

295 803 518 878 Dardanidae,
536 823 619 884 quos
635 802 689 865 ille
706 821 821 865 omnes
840 802 939 882 longo
956 801 1072 864 ordine
1090 821 1237 864 cernens

295 908 471 988 Ingemuit,
487 907 716 988 Glaucumque
735 906 963 988 Medontaque
975 905 1320 986 Thersilochumque,
1391 907 1392 940 l

293 1012 378 1074 Tres
394 1011 630 1086 Antenoridas,
649 1011 828 1092 Cererique
845 1029 976 1073 sacrum
994 1011 1229 1095 Polyphoeten

205 1126 253 1190 485
296 1116 510 1197 Idaeumque,
528 1115 627 1178 etiam
644 1134 769 1190 currus,
787 1115 887 1176 etiam
904 1127 997 1189 arma
1012 1123 1196 1177 tenentem.

294 1219 519 1282 Circumstt
448 1229 519 1282 ttan
535 1220 665 1281 animae
682 1218 797 1281 dextra
814 1219 1005 1299 laevaquei
1006 1227 1197 1299 requentes

296 1324 367 1386 Nec
384 1324 505 1387 vidisse
521 1323 624 1385 semel
641 1324 721 1385 satis
737 1332 806 1399 est;
831 1322 921 1385 iuvat
938 1341 1043 1404 usque
1059 1321 1193 1396 morari,

296 1428 340 1490 Et
356 1427 509 1490 conferre
525 1428 675 1508 gradum,
693 1437 726 1491 et
741 1427 898 1490 veniendi
915 1426 1042 1490 discere
1059 1445 1189 1489 causas.

296 1533 340 1593 Et
358 1533 513 1593 Danaum
530 1551 684 1612 proceres
701 1531 1055 1612 Agamemnoniaeque
1073 1529 1263 1611 phalanges

207 1663 254 1712 490
296 1637 344 1700 Ut
358 1635 470 1698 videre
486 1635 592 1698 virum
609 1635 841 1717 fulgentiaque
858 1655 949 1697 arma
965 1654 1026 1716 per
1041 1635 1187 1710 umbras,

296 1740 432 1820 Ingenti
447 1741 614 1820 trepidare
631 1749 739 1815 metu;
764 1759 842 1821 pars
857 1748 986 1802 vertere
1002 1749 1106 1819 terga,

295 1845 365 1908 Ceu
382 1845 550 1926 quondam
567 1844 692 1925 petiere
709 1853 814 1906 rates·
808 1863 918 1924 ,pars
933 1843 1049 1906 tollere
1065 1863 1181 1906 vocem

297 1947 479 2028 Exiguam:
504 1947 657 2029 inceptus
673 1947 829 2010 clamori
830 1956 993 2010 rustratur
1009 1947 1151 2009 hiantes

324 2052 453 2132 Atque
469 2051 531 2114 hic
540 2053 727 2114 Priamiden
745 2051 904 2114 laniatum
922 2070 1060 2132 corpore
1077 2059 1148 2114 toto
1214 2075 1215 2079 ¹

207 2154 512 2254 4q5Deiphobum
529 2156 620 2220 videt
635 2166 669 2219 e
656 2156 830 2219 tlacerum
847 2155 1026 2218 crudeliter
1039 2175 1106 2230 ora,

296 2260 366 2323 Ora
383 2279 568 2341 manusque
584 2260 708 2335 ambaS,
728 2261 867 2341 populat
869 2279 954 2342 aque
969 2268 1122 2352 tempora
1138 2257 1241 2340 raptis

295 2362 454 2439 Auribus,
472 2371 534 2426 ett
536 2384 655 2426 runcas
672 2364 828 2426 inhonest
815 2373 849 2426 to
865 2365 1003 2432 vulnere
1020 2381 1127 2425 nares

295 2469 359 2530 Vix
375 2469 459 2530 adeo
476 2467 918 2554 adgnovitpavitantemet
893 2468 1023 2530 tdirat
1010 2475 1181 2547 tegentem

297 2571 477 2653 Supplicia,
496 2581 528 2634 et
545 2573 631 2634 notis
647 2573 826 2652 compellat
842 2571 979 2635 vocibus
996 2571 1101 2634 ultro:
1391 2601 1392 2642 4

209 2697 257 2749 5οο
298 2676 504 2756 ‘Deiphobe
521 2676 732 2756 armipotens,
751 2696 858 2756 genus
874 2676 941 2739 alto
957 2695 978 2737 a
994 2674 1158 2756 sanguine
1174 2672 1302 2748 Teucri,
1391 2651 1392 2784 l

298 2777 409 2858 Quist
412 2799 463 2841 am
482 2780 632 2842 crudeles
649 2780 776 2859 optavit
792 2799 922 2842 sumere
940 2779 1087 2860 poenas?

297 2882 386 2945 Cuit
374 2892 503 2946 antum
521 2884 562 2949 de
578 2893 611 2946 te
627 2883 740 2946 herm>
787 2885 872 2946 Mrhr
888 2885 980 2945 fama
996 2901 1153 2964 suprema

299 2987 406 3048 Nocte
422 2987 497 3049 tulit
513 2988 640 3049 fessum
656 2997 751 3050 vasta
768 2998 801 3051 te
817 2989 920 3050 caede
938 2988 1114 3068 Pelasgum

299 3089 516 3152 Procubuisse
533 3111 632 3172 super
649 3093 810 3154 confusae
828 3091 948 3172 stragis
964 3109 1129 3153 acervum.

211 3213 258 3266 505
296 3194 393 3255 Tunc
409 3203 541 3274 egomet
558 3195 722 3257 tumulum
741 3197 893 3258 Rhoeteo
911 3196 1007 3258 litore
1022 3196 1157 3257 inanem

298 3297 471 3370 Constitui,
490 3307 523 3360 et
540 3317 663 3378 magna
681 3298 800 3363 Manes
816 3310 868 3362 ter
882 3319 964 3362 voce
980 3297 1105 3360 vocavi.
1391 3343 1392 3376 ,

299 3401 432 3462 Nomen
449 3411 481 3464 et
497 3421 589 3464 arma
606 3403 715 3466 locum
732 3413 884 3479 servant;
909 3413 951 3478 te,
971 3402 1085 3478 amice,
1104 3401 1241 3484 nequivi

298 3505 501 3585 Conspicere
518 3516 551 3568 et
568 3508 674 3587 patria
690 3508 855 3570 decedens
873 3526 997 3588 ponere
1014 3505 1133 3570 terra.''

300 3620 303 3628 '
342 3608 398 3669 Ad
420 3628 505 3687 quae
526 3609 726 3672 Priamides:
752 3611 913 3672 “Nihilo
935 3610 994 3672 tibi
1014 3611 1120 3674 amice
1142 3609 1309 3685 relictumf

214 3730 261 3782 510
300 3709 424 3771 Omnia
443 3711 620 3800 Deiphobo
637 3712 763 3775 solvisti
778 3723 812 3775 et
828 3713 956 3776 funeris
972 3713 1106 3775 umbris¹

301 3810 368 3880 Sed
385 3829 437 3875 me
455 3811 524 3872 iata
540 3831 614 3875 mea
629 3821 662 3877 et
678 3815 786 3880 scelus
802 3816 932 3879 exitiale
951 3817 1126 3878 Lacaenae
