2816 4282
154 325 157 330 ,
200 259 264 322 266
555 263 713 318 VERGILI
739 264 939 318 AENEIDOS

289 444 331 506 Et
348 443 416 519 tibi,
435 443 577 519 Phoebe,
596 463 735 518 sacrum,
754 463 851 506 casus
867 444 1008 506 evadere
1026 444 1105 508 ferri

287 548 386 629 Quod
403 547 494 610 licuit
510 568 622 630 parvo.
673 548 745 611 Nec
761 547 870 628 longe,
890 548 1004 611 Cissea
1020 549 1141 612 durum

289 653 540 733 Immanemque
558 653 664 735 Gyan,
683 661 869 733 sternentes
886 652 1021 733 agmina
1037 654 1142 730 clava,

289 757 420 819 Deiecit
436 756 520 831 leto;
544 755 626 818 nihil
642 755 715 818 illos
734 756 890 818 Herculis
906 777 1007 833 arma,

200 886 248 936 320
289 862 361 925 Nec
376 861 505 924 validae
522 861 633 923 iuvere
650 881 768 922 manus
785 860 981 943 genitorque
1000 863 1202 945 Melampus,

286 965 427 1028 Alcidae
443 985 555 1027 comes
571 985 676 1046 usque
693 985 812 1046 graves
829 964 907 1028 dum
923 976 1012 1028 terra
1028 967 1161 1031 labores

288 1070 452 1133 Praebuit.
500 1071 587 1133 Ecce
605 1070 721 1145 Phar0,
738 1090 838 1133 voces
855 1071 934 1132 dum
950 1070 1050 1134 iactat
1066 1071 1203 1148 inertes

289 1175 490 1256 Intorquens
506 1176 649 1238 iaculum
667 1175 824 1238 clamanti
842 1175 927 1238 sistit
941 1175 975 1238 in
992 1196 1057 1239 ore.

332 1280 384 1342 Tu
400 1300 543 1361 quoque,
561 1278 739 1342 flaventem
757 1281 864 1360 prima
881 1280 1038 1360 lanugine
1055 1281 1161 1343 malas

201 1407 247 1459 325
291 1385 380 1446 Dum
398 1383 546 1466 sequeris
564 1383 709 1467 Clytium
727 1384 851 1459 infelix,
870 1404 957 1446 nova
973 1385 1105 1465 gaudia,
1124 1386 1253 1470 Cydon,

290 1488 461 1550 Dardania
477 1497 600 1550 stratus
618 1488 741 1564 dextra,
761 1508 897 1551 securus
914 1508 1072 1563 amorum,

289 1592 355 1673 Qui
371 1593 527 1656 iuvenum
544 1592 602 1655 tibi
620 1613 752 1674 semper
769 1602 872 1668 erant,
891 1593 1078 1656 miserande
1095 1593 1231 1669 iaceres,

290 1696 334 1758 Ni
350 1696 490 1759 fratrum
507 1699 630 1778 stipata
645 1698 764 1759 cohors
781 1697 869 1760 foret
885 1696 990 1772 obvia,
1010 1697 1129 1760 Phorci

289 1802 476 1882 Progenies,
494 1812 623 1882 septem
641 1821 788 1876 numero,
808 1810 1014 1882 septenaque
1030 1802 1097 1864 tela

201 1928 249 1978 330
289 1905 484 1979 Coniciunt;
511 1907 629 1984 partim
647 1905 743 1986 galea
760 1905 933 1987 clipeoque
950 1905 1112 1968 resultant

290 2008 402 2083 Inrita,
422 2009 554 2071 deflexit
571 2009 693 2090 partim
709 2010 906 2089 stringentia
921 2029 1041 2089 corpus

289 2113 390 2175 Alma
405 2114 530 2176 Venus.
580 2113 700 2176 Fidum
718 2114 854 2176 Aeneas
872 2113 1006 2175 adfatur
1022 2114 1201 2177 Achaten:

290 2222 307 2247 ‘⁴
320 2212 471 2298 Sug'gere
486 2219 553 2280 tela
570 2216 669 2292 mihi;
694 2237 761 2280 non
778 2217 881 2279 ullum
899 2217 1034 2279 dextera
1049 2218 1175 2280 frustra

288 2320 437 2383 Torserit
450 2321 482 2382 in
502 2321 654 2396 Rutulos
673 2331 837 2384 steterunt
853 2340 939 2402 quae
955 2321 988 2382 in
1008 2341 1146 2401 corpore
1168 2323 1303 2385 Graium

201 2448 246 2500 335
290 2423 400 2488 Iliacis
416 2425 574 2507 campis.”
622 2426 709 2487 Tum
726 2445 884 2506 magnam
902 2425 1037 2506 corripit
1053 2426 1195 2502 hastam,

288 2529 332 2591 Et
347 2529 442 2606 iacit;
467 2529 523 2593 illa
538 2529 654 2593 volans
672 2529 772 2611 clipei
788 2530 1035 2592 transverberat
1051 2546 1129 2592 aera

289 2633 450 2710 Maeonis
468 2643 502 2696 et
517 2635 655 2697 thoraca
672 2634 768 2697 simul
785 2655 860 2696 cum
878 2643 1012 2715 pectore
1029 2634 1162 2715 rumpit.

289 2737 378 2800 Huic
396 2739 499 2801 frater
515 2738 603 2801 subit
620 2739 777 2812 Alcanor,
797 2740 1003 2821 fratremque
1019 2748 1171 2801 ruentem

288 2843 461 2906 Sustentat
476 2844 611 2918 dextra;
635 2845 773 2906 traiecto
792 2843 892 2905 missa
910 2844 1032 2905 lacerto

202 2970 251 3018 340
293 2947 446 3010 Protinus
463 2949 558 3010 hasta
574 2949 662 3030 fugit
678 2958 855 3030 servatque
870 2957 1007 3010 cruenta
1023 2957 1183 3022 tenorem,

288 3053 501 3134 Dexteraque
518 3073 558 3114 ex
574 3073 688 3116 umero
705 3053 815 3116 nervis
831 3052 1028 3116 moribunda
1045 3051 1215 3132 pependit.

331 3158 417 3218 Turn
436 3157 592 3220 Numitor
607 3159 714 3220 iaculo
732 3157 843 3220 fratris
860 3158 901 3220 de
917 3176 1056 3237 corpore
1076 3165 1172 3235 rapto

286 3261 429 3324 Aenean
446 3261 558 3343 petiit;
584 3263 642 3325 sed
660 3283 726 3325 non
743 3271 776 3325 et
792 3262 894 3343 figere
911 3271 1026 3324 contra

288 3366 349 3428 Est
366 3365 500 3441 licitum,
518 3367 698 3448 magnique
715 3368 827 3429 femur
843 3365 1034 3447 perstrinxit
1050 3365 1213 3429 Achatae.

200 3490 246 3543 345
289 3470 354 3533 Hic
372 3470 522 3546 Curibus
541 3471 647 3534 fidens
664 3471 833 3552 primaevo
851 3491 999 3552 corpore,
1017 3471 1160 3534 Clausus

286 3575 445 3650 Advenit,
463 3564 496 3638 et
512 3574 618 3655 rigida
637 3577 809 3659 Dryopem
827 3576 904 3638 ferit
921 3575 1049 3638 eminus
1067 3575 1162 3638 hasta

288 3678 357 3742 Sub
374 3687 532 3751 mentum,
551 3681 696 3758 graviter
713 3699 837 3760 pressa,
856 3679 1046 3760 pariterque
1062 3677 1229 3761 loquentis

286 3783 412 3845 Vocem
430 3782 641 3862 animamque
658 3783 744 3864 rapit
760 3784 897 3845 traiecto
915 3792 1067 3864 gutture;
1093 3792 1126 3844 at
1143 3783 1197 3846 ille
