2800 4286
489 329 607 382 LIBER
632 330 813 384 OCTAVUS

187 511 262 574 Tela
279 510 489 586 Latinorum,
508 520 732 593 septenosque
747 511 882 575 orbibus
898 512 994 576 orbes

188 616 382 697 Impediunt.
432 614 502 677 Alii
520 615 664 678 ventosis
680 615 814 679 follibus
831 636 927 679 auras

110 743 152 794 45⁰
187 719 362 802 Accipiunt
380 720 611 802 redduntque;
636 719 691 782 alii
708 719 879 784 stridentia
891 721 1025 803 tingunt

186 825 271 887 Aera
287 825 372 887 lacu.
422 825 535 888 Gemit
552 824 714 905 impositis
730 826 905 890 incudibus
925 837 1065 889 antrum.

185 929 234 992 Illi
249 929 335 992 inter
352 949 426 993 sese
443 929 548 992 multa
563 929 596 990 vi
611 929 766 992 bracchia
782 931 901 994 tollunt

184 1035 220 1096 In
236 1053 424 1108 numerum,
442 1043 644 1115 versantque
659 1034 770 1096 tenaci
787 1035 913 1116 forcipe
930 1055 1083 1098 massam.

224 1244 322 1306 Haec
338 1251 435 1324 pater
451 1242 580 1305 Aeoliis
596 1253 754 1324 properat
769 1243 848 1306 dum
866 1244 1026 1308 Lemnius
1041 1247 1116 1321 oris,

101 1368 145 1421 455
183 1347 376 1410 Euandrum
394 1368 435 1410 ex
452 1347 567 1409 humili
583 1356 670 1410 tecto
686 1348 740 1409 lux
757 1348 895 1411 suscitat
911 1350 999 1411 alma
1130 1341 1137 1348 ’

183 1451 224 1514 Et
240 1451 395 1514 matutini
412 1451 583 1514 volucrum
601 1451 663 1514 sub
679 1452 823 1515 culmine
838 1463 965 1516 cantus.

182 1556 364 1638 Consurgit
380 1557 498 1631 senior,
517 1556 694 1638 tunicaque
711 1556 877 1620 inducitur
892 1568 992 1634 artus,

183 1661 224 1723 Et
242 1661 421 1745 Tyrrhena
438 1660 561 1742 pedum
577 1661 761 1724 circumdat
776 1661 908 1725 vincula
924 1662 1065 1744 plantis;

180 1766 265 1828 Tum
282 1764 378 1828 lateri
394 1773 494 1846 atque
511 1767 633 1828 umeris
649 1766 840 1848 Tegeaeum
857 1768 1001 1849 subligat
1016 1787 1140 1843 ensem,

101 1879 145 1939 460
182 1869 338 1932 Demissa
354 1869 396 1931 ab
413 1869 508 1932 laeva
525 1871 708 1951 pantherae
724 1881 819 1952 terga
835 1881 1038 1953 retorquens.

182 1974 253 2037 Nec
270 1994 339 2036 non
356 1982 390 2036 et
405 1973 530 2055 gemini
551 1975 707 2037 custodes
726 1975 837 2038 limine
854 1976 895 2038 ab
912 1976 979 2039 alto

181 2078 389 2142 Praecedunt
405 2097 624 2160 gressumque
640 2098 743 2142 canes
758 2080 958 2143 comitantur
973 2080 1095 2143 erilem.

181 2182 337 2264 Hospitis
353 2183 492 2246 Aeneae
509 2184 621 2246 sedem
639 2193 673 2246 et
689 2194 816 2248 secreta
834 2185 976 2266 petebat,

180 2287 380 2350 Sermonum
398 2306 523 2349 memor
539 2297 573 2350 et
589 2287 742 2369 promissi
759 2289 912 2365 muneris,
932 2290 1038 2352 heros

99 2400 140 2466 4⁶5
181 2392 252 2455 Nec
271 2391 381 2454 minus
398 2393 534 2455 Aeneas
551 2413 586 2454 se
603 2393 785 2455 matutinus
801 2394 931 2474 agebat.

180 2496 285 2559 Filius
302 2495 380 2559 huic
397 2496 514 2572 Pallas,
531 2497 578 2560 illi
594 2517 706 2560 comes
723 2497 790 2560 ibat
807 2499 965 2561 Achates

179 2600 362 2681 Congressi
378 2599 521 2681 iungunt
538 2602 680 2677 dextras,
699 2603 881 2685 mediisque
897 2603 1048 2666 residunt

177 2704 342 2780 Aedibus,
360 2713 394 2767 et
410 2703 497 2768 licito
513 2706 647 2769 tandem
666 2726 818 2770 sermone
835 2706 999 2769 fruuntur.

179 2809 252 2872 Rex
269 2810 358 2890 prior
374 2810 476 2872 haec:

97 2935 141 2987 47⁰
179 2913 358 2976 “Maxime
375 2915 579 2978 Teucrorum
596 2915 722 2991 ductor,
740 2937 805 2998 quo
822 2915 946 2997 sospite
963 2936 1143 2998 numquam

179 3019 248 3081 Res
265 3017 419 3100 equidem
436 3019 555 3082 Troiae
572 3021 677 3083 victas
694 3030 750 3082 aut
766 3039 870 3101 regna
887 3020 1026 3096 fatebor,

179 3122 286 3186 Nobis
303 3123 344 3185 ad
361 3117 439 3186 belli
456 3124 611 3187 auxilium
628 3145 688 3207 pro
705 3125 839 3188 nomine
855 3134 947 3188 tanto

179 3227 330 3308 Exiguae
346 3228 454 3291 vires:
479 3229 555 3293 hinc
571 3231 682 3292 Tusco
698 3229 883 3293 claudimur
899 3231 997 3306 amni,

181 3332 270 3394 Hinc
290 3332 433 3396 Rutulus
450 3334 578 3414 premit,
597 3343 630 3397 et
646 3355 776 3397 murum
794 3335 1016 3398 circumsonat
1033 3336 1141 3397 armis.

97 3458 138 3511 475
179 3435 246 3500 Sed
263 3436 322 3498 tibi
338 3456 402 3518 ego
418 3437 571 3519 ingentes
588 3441 729 3521 populos
746 3439 970 3521 opulentaque
987 3438 1099 3520 regnis

178 3540 324 3622 iungere
341 3551 449 3605 castra
466 3563 555 3623 paro,
574 3565 673 3625 quam
690 3545 760 3607 fors
776 3543 911 3626 inopina
928 3545 1067 3606 salutem

178 3643 346 3708 Ostentat.
396 3647 487 3709 Fatis
503 3648 568 3710 huc
585 3657 618 3711 te
636 3648 851 3729 poscentibus
867 3649 989 3712 adfers.

179 3749 282 3812 Haud
299 3750 414 3832 procul
431 3751 507 3813 hinc
524 3772 603 3814 saxo
619 3752 772 3816 incolitur
788 3752 929 3815 lundata
943 3760 1076 3815 vetusto

178 3854 281 3920 Urbis
298 3855 479 3940 Agyllinae
496 3857 601 3933 sedes,
620 3858 676 3920 ubi
695 3857 802 3941 Lydia
818 3857 986 3944 quondam
