2800 4286
189 251 253 328 264
544 254 703 328 VERGlLl
730 253 929 306 AENEIDOS

190 458 238 511 250
275 435 360 497 Tros
377 432 611 508 Anchisiades
630 435 758 496 animos
775 443 887 496 tamen
904 435 1013 497 omine
1030 435 1123 498 tollit.

277 540 364 601 Tum
380 539 524 602 breviter
540 557 661 618 supera
677 548 856 618 aspectans
872 559 1020 601 convexa
1036 551 1212 620 precatur:

278 643 409 705 “Alma
427 662 548 723 parens
566 642 669 703 Idaea
686 641 794 717 deum,
813 643 865 705 cui
884 643 1053 728 Dindyma
1071 645 1163 706 cordi

278 747 543 828 Turrigeraeque
561 745 660 808 urbes
676 745 845 828 biiugique
863 748 905 809 ad
922 748 1017 809 frena
1035 748 1159 822 leones,

278 852 329 914 Tu
346 851 427 914 mihi
443 871 530 913 nunc
549 870 682 932 pugnae
700 851 865 931 princeps
883 862 919 914 tu
935 851 996 914 rite
1014 855 1222 934 propinques

191 980 237 1032 255
276 957 475 1036 Augurium,
495 955 747 1040 Phrygibusque
765 955 854 1018 adsis
870 956 965 1037 pede,
984 956 1069 1031 diva,
1088 957 1274 1020 secundo.'’
1333 989 1338 996 ·

322 1061 467 1123 Tantum
483 1061 615 1122 effatus.
666 1061 709 1122 Et
725 1059 850 1122 interea
867 1062 1015 1123 revoluta
1031 1061 1149 1124 ruebat

281 1167 414 1228 Matura
429 1165 494 1227 iam
511 1165 584 1226 luce
601 1164 681 1239 dies,
699 1173 897 1246 noctemque
914 1165 1056 1245 iugarat,
1133 1197 1135 1202 v

281 1269 444 1352 Principio
461 1269 558 1332 sociis
574 1268 681 1343 edicit,
700 1268 795 1348 signa
811 1278 1001 1350 sequantur,

280 1375 393 1457 Atque
411 1374 539 1436 animos
555 1383 671 1454 aptent
687 1372 796 1447 armiS,
815 1394 1014 1455 pugnaeque
1032 1386 1152 1455 parent
1170 1395 1215 1438 se.

193 1489 241 1536 260
280 1479 417 1560 lamque
434 1478 466 1540 in
484 1487 664 1559 conspectu
682 1478 830 1540 Teucros
847 1477 995 1541 habetet
1012 1499 1072 1540 sua
1088 1489 1208 1554 castra,

281 1582 382 1646 Stans
398 1583 488 1645 celsa
504 1582 537 1644 in
555 1582 669 1664 puppi,
688 1581 832 1661 clipeum
844 1601 924 1643 cum
941 1582 1062 1644 deinde
1080 1582 1216 1645 sinistra

284 1687 409 1749 Extulit
425 1687 606 1749 ardentem.
656 1687 842 1750 Clamorem
860 1686 902 1747 ad
919 1686 1027 1749 sidera
1043 1688 1165 1749 tollunt

284 1791 497 1854 Dardanidae
514 1811 531 1853 e
548 1790 666 1867 muris;
692 1810 770 1871 spes
786 1790 898 1852 addita
916 1791 1051 1853 suscitat
1067 1793 1144 1865 iras

282 1896 364 1958 Tela
382 1916 482 1957 manu
499 1895 641 1958 iaciunt:
667 1895 782 1976 quales
799 1894 861 1956 sub
878 1895 1021 1957 nubibus
1039 1896 1117 1958 atris

195 2012 241 2075 265
281 2000 491 2084 Strymoniae
509 1999 589 2062 dant
606 1999 702 2080 signa
718 2019 826 2079 grues,
845 2009 943 2080 atque
959 2000 1096 2061 aethera
1112 2010 1247 2062 tranant

284 2105 366 2168 Cum
384 2106 502 2177 sonitu,
521 2103 721 2185 fugiuntque
741 2103 848 2165 Notos
865 2104 1008 2166 clamore
1024 2104 1184 2166 secundo

326 2209 374 2271 At
393 2209 516 2271 Rutulo
532 2208 603 2288 regi
620 2206 825 2288 ducibusque
841 2227 881 2268 ea
898 2209 979 2269 mira
996 2207 1100 2270 videri

284 2312 578 2388 Ausoniis‚.donec
596 2331 710 2374 versas
726 2311 769 2373 ad
787 2311 882 2374 litora
899 2332 1030 2393 puppes

285 2417 491 2498 Respiciunt,
508 2426 681 2498 totumque
697 2416 808 2478 adlabi
825 2416 986 2478 classibus
1002 2437 1135 2499 aequor.

196 2547 244 2596 270
281 2523 390 2585 Ardet
406 2542 491 2602 apex
507 2520 616 2603 capiti,
635 2520 809 2602 cristisque
826 2541 846 2582 a
861 2522 984 2583 vertice
1001 2520 1134 2583 flamma

284 2626 456 2701 Funditur,
475 2635 508 2688 et
523 2635 636 2687 vastos
653 2625 753 2687 umbo
770 2625 873 2687 vomit
890 2645 1010 2688 aureus
1026 2626 1131 2706 ignes,

285 2732 361 2795 Non
379 2750 483 2805 secus,
501 2751 539 2792 ac
555 2729 679 2810 liquida
696 2728 723 2791 si
740 2729 872 2810 quando
889 2740 986 2791 nocte
1003 2738 1153 2792 cometae

284 2834 466 2915 Sanguinei
483 2834 622 2914 lugubre
638 2833 767 2908 rubent,
785 2843 841 2894 aut
859 2832 963 2896 Sirius
980 2833 1085 2909 ardor,

285 2940 344 3002 Ille
361 2939 449 3002 sitim
466 2938 665 3020 morbosque
682 2938 794 3000 ferens
811 2937 1005 2999 mortalibus
1022 2937 1140 3018 aegris

196 3068 242 3120 275
283 3044 439 3107 Nascitur
457 3053 490 3106 et
508 3043 601 3104 laevo
618 3041 791 3104 contristat
807 3041 931 3103 lumine
948 3042 1085 3104 caelum.

285 3149 387 3211 Haud
403 3158 515 3210 tamen
533 3146 650 3208 audaci
663 3146 778 3208 Turno
794 3145 914 3208 fiducia
931 3145 1029 3208 cessit

285 3253 398 3316 Litora
414 3252 616 3334 praecipere,
634 3260 667 3313 et
683 3250 855 3313 venientes
872 3251 995 3331 pellere
1011 3259 1107 3313 terra.

285 3358 382 3422 Ultro
399 3357 526 3419 animos
542 3355 625 3419 tollit
641 3354 748 3430 dictis,
766 3364 865 3437 atque
882 3355 1030 3435 increpat
1046 3356 1151 3418 ultro:

285 3462 410 3543 “Quod
427 3461 511 3523 votis
528 3461 678 3541 optastis,
696 3460 799 3534 adest,
818 3459 1025 3540 perfringere
1042 3459 1178 3536 dextra;

197 3577 245 3625 280
283 3567 322 3628 In
341 3565 493 3628 manibus
512 3566 604 3628 Mars
621 3564 701 3645 ipse,
719 3563 787 3626 viri.
837 3563 936 3626 Nunc
953 3563 1102 3646 coniugis
1118 3573 1191 3627 esto

285 3670 434 3751 Quisque
452 3688 531 3731 suae
548 3669 692 3749 tectique
709 3687 854 3742 memor;
879 3688 968 3730 nunc
986 3666 1112 3749 magna'
1123 3669 1248 3732 referto

285 3773 398 3846 Facta,
417 3780 547 3854 patrum
566 3771 688 3834 laudes.
737 3772 835 3835 Ultro
852 3791 1063 3835 occurramus
1080 3773 1122 3834 ad
1138 3772 1272 3847 undam,
