2800 4286
495 293 610 346 uranu
637 294 787 348 sexrus
1129 304 1189 370 179

210 473 322 556 “Quis
346 483 391 550 te,
419 491 545 556 magne
570 474 663 549 Cato,
689 475 837 550 tacitum,
861 471 983 550 autte,
1008 474 1119 551 Cosse,
1142 495 1189 538 re·

252 577 405 659 linquat?

172 681 253 764 Quis
269 679 417 748 Gracchi
433 700 552 762 genoe,
569 690 626 744 aut
641 681 803 763 geminos,
820 682 886 744 duo
902 681 1043 745 fulmina
1058 682 1145 758 belli,

172 785 354 867 Scipiadas
372 785 504 849 cladem
523 784 658 870 Libyae,
677 805 846 868 parvoque
861 796 1031 868 potentem

173 890 371 966 Fabricium,
388 890 443 954 vel
459 899 493 952 te
508 889 609 965 sulco,
628 890 780 967 Serrane,
798 890 988 954 serentem?

87 1003 133 1070 845
176 994 248 1076 Quo
264 995 393 1058 fessum
410 993 537 1075 rapitiS,
556 993 674 1058 Fabii?
697 1005 732 1058 tu
751 995 918 1060 Maximus
933 995 988 1058 ille
1004 1015 1049 1070 es,

175 1100 268 1163 Unus
283 1098 343 1181 qui
358 1097 456 1162 nobis
473 1099 660 1161 cunctando
676 1099 821 1162 restituis
837 1118 916 1162 rem.

175 1203 347 1267 Excudent
364 1202 420 1266 alii
436 1201 595 1284 spirantia
612 1203 743 1268 mollius
759 1223 846 1278 aera,

174 1308 278 1393 Credo
295 1307 463 1390 equidem,
480 1306 572 1371 vivos
589 1307 711 1370 ducent
727 1307 769 1371 de
785 1327 950 1370 marmore
964 1306 1084 1382 vultus,

174 1411 326 1476 Orabunt
342 1432 463 1482 causas
480 1411 605 1487 melius,
623 1411 772 1494 caelique
788 1420 916 1474 meatus

93 1523 140 1590 850
177 1515 377 1580 Describent
393 1515 486 1579 radio
501 1525 534 1579 et
550 1515 721 1596 surgentia
737 1515 845 1578 sidera
861 1515 990 1578 dicent:

173 1621 223 1683 Tu
238 1640 356 1702 regere
372 1619 513 1701 imperio
529 1620 681 1702 populos,
701 1621 862 1694 Romane,
880 1628 1066 1694 memento;

175 1725 248 1788 Hae
264 1724 325 1788 tibi
340 1733 440 1788 erunt
455 1733 561 1800 artes;
587 1723 745 1806 pacisque
761 1722 931 1804 imponere
948 1741 1082 1797 morem,

175 1829 311 1894 Parcere
328 1827 496 1903 subiectis,
513 1838 547 1891 et
562 1828 728 1893 debellare
745 1826 937 1910 superbosJ’
1062 1905 1065 1912 .

216 1934 270 1997 Sic
288 1942 385 2014 pater
400 1931 577 2007 Anchises,
595 1941 694 2014 atque
710 1931 792 1994 haec
809 1930 1005 1994 mirantibus
1020 1930 1131 1992 addit:

97 2043 138 2109 855
177 2042 194 2069 “
205 2038 342 2118 Aspice,
361 2046 398 2098 ut
412 2035 553 2118 insignis
570 2035 685 2118 spoliis
703 2035 882 2098 Marcellus
898 2033 1018 2116 opimis

175 2141 375 2222 Ingreditur,
392 2139 563 2228 victorque
579 2141 666 2204 viros
683 2138 907 2222 supereminet
923 2136 1058 2202 omnes!

177 2244 241 2308 Hic
257 2265 328 2308 rem
347 2246 544 2320 Romanam,
563 2264 686 2326 magno
701 2243 857 2308 turbante
872 2243 1025 2317 tumultu,

176 2347 287 2425 Sistet‚
305 2340 551 2431 eques'sternet
568 2348 911 2429 Poenos'Gallumque
927 2345 1093 2420 rebellem,

175 2453 355 2535 Tertiaque
371 2472 463 2516 arma
479 2452 565 2534 patri
582 2452 763 2534 suspendet
779 2461 877 2532 capta
894 2449 1065 2532 Quirino.’'

97 2567 139 2618 860
218 2558 333 2640 Atque
350 2558 404 2620 hic
421 2558 575 2633 Aeneas;
600 2577 667 2619 una
682 2575 825 2638 namque
841 2554 888 2618 ire
902 2554 1038 2617 videbat

178 2662 360 2744 Egregium
377 2662 486 2724 forma
501 2661 654 2724 iuvenem
671 2670 706 2724 et
722 2659 928 2741 fulgentibus
945 2659 1054 2732 armis,

177 2766 244 2832 Sed
261 2766 355 2829 lrons
371 2766 459 2828 laeta
475 2786 601 2846 parum,
619 2776 653 2828 et
668 2764 797 2828 deie'cto
813 2763 937 2826 lumina
954 2761 1066 2825 vultu:

179 2875 197 2902 “
208 2870 302 2952 Quis,
321 2879 424 2952 pater,
441 2870 506 2945 ille,
522 2869 628 2932 virum
646 2869 701 2952 qui
718 2870 765 2932 sic
781 2869 957 2931 comitatur
972 2863 1129 2930 euntem?

178 2974 291 3050 Filius,
309 2993 398 3038 anne
414 2973 532 3056 aliquis
548 2993 670 3056 magna
687 2973 728 3036 de
744 2971 847 3053 stirpe
862 2969 1044 3052 nepotum?

61 3085 63 3090 '
90 3069 139 3152 '865
180 3077 247 3160 Qui
264 3078 423 3160 strepitus
439 3078 525 3142 circa
542 3077 717 3142 comitum!
738 3086 900 3159 quantum
915 3075 1020 3137 instar
1035 3072 1068 3134 in
1085 3071 1177 3153 ipso!

179 3182 247 3246 Sed
264 3204 329 3246 nox
345 3193 417 3248 atra
433 3194 532 3270 caput
549 3184 633 3248 tristi
650 3184 864 3248 circumvolat
876 3177 1025 3244 umbra.’'

222 3288 308 3349 Tum
327 3297 422 3368 pater
438 3289 614 3364 Anchises,
632 3288 775 3351 lacrimis
790 3289 961 3368 ingressus
977 3280 1120 3345 obortis:

181 3390 240 3455 “O
258 3402 344 3468 nate,
362 3392 532 3473 ingentem
550 3393 675 3456 luctum
692 3413 734 3456 ne
751 3409 872 3474 quaere
887 3399 1039 3461 tuorum;

113 3512 115 3516 ·
181 3495 370 3560 Ostendent
386 3498 481 3560 terris
498 3498 587 3562 hunc
602 3506 731 3560 tantum
749 3497 827 3568 fata,
845 3512 954 3575 neque
970 3490 1056 3554 ultra

100 3609 142 3670 870
181 3599 265 3663 Esse
282 3600 400 3663 sinent.
450 3601 597 3669 Nimium
613 3601 707 3664 vobis
725 3602 878 3663 Romana
895 3614 1046 3678 propago

179 3704 261 3767 Visa
278 3713 407 3786 potens,
426 3705 545 3786 superi,
564 3705 697 3787 propria
714 3705 796 3767 haec
813 3702 840 3765 si
856 3702 943 3763 dona
961 3698 1112 3761 fuissent.

181 3809 334 3890 Quantos
351 3807 406 3871 ille
421 3808 529 3875 virum
546 3827 704 3892 magnam
721 3804 882 3869 Mavortis
898 3803 940 3864 ad
956 3800 1072 3864 urbem
