2816 4282
473 319 590 374 maan
615 320 846 374 unoecmus
1149 327 1212 393 309

193 500 330 568 Laetitia
347 502 522 584 mixtoque
540 511 639 577 metu,
657 521 719 564 nec
736 501 801 564 iam
819 500 963 583 amplius
979 501 1096 564 hastae

191 607 340 681 Credere,
359 627 424 670 nec
441 606 517 670 telis
534 625 706 669 occurrere
718 605 856 688 virginis
872 606 981 668 audet.

190 712 239 774 Ac
254 711 346 775 velut
364 710 429 786 ille,
448 709 540 791 prius
557 729 655 792 quam
673 710 741 773 tela
756 709 888 772 inimica
905 719 1096 792 sequantur,

116 825 155 874 810
189 815 354 881 Continuo
372 815 406 877 in
423 823 555 877 montes
572 834 645 877 sese
662 814 754 876 avius
771 813 897 877 abdidit
914 815 998 877 altos

189 920 308 998 Occiso
325 929 464 1002 pastore
480 919 579 1001 lupus
597 939 761 1001 magnove
777 918 927 994 iuvenco,

189 1023 350 1089 Conscius
368 1022 507 1086 audacis
523 1023 613 1098 iacti,
632 1023 840 1105 caudamque
856 1022 1043 1085 remulcens

189 1128 335 1193 Subiecit
353 1129 561 1210 pavitantem
578 1137 681 1203 utero,
700 1127 866 1210 silvasque
883 1125 1019 1208 petivit:

190 1234 289 1295 Haud
307 1251 407 1295 secus
424 1251 464 1294 ex
480 1232 582 1294 oculis
599 1251 635 1294 se
650 1231 802 1294 turbidus
818 1231 954 1294 abstulit
972 1229 1111 1307 ArrunS,

115 1347 153 1412 815
190 1337 445 1418 Contentusque
462 1336 544 1418 fuga
560 1334 677 1398 mediis
694 1355 730 1398 se
747 1335 924 1398 immiscuit
941 1336 1049 1398 armis.

190 1442 249 1504 Illa
265 1462 369 1503 manu
387 1442 532 1503 moriens
549 1441 650 1502 telum
667 1439 788 1515 trahit;
813 1460 889 1502 ossa
906 1439 964 1502 sed
981 1440 1067 1502 inter

190 1546 331 1609 Ferreus
348 1545 391 1607 ad
409 1553 519 1606 costas
536 1544 602 1606 alto
619 1553 685 1606 stat
699 1545 838 1607 vulnere
855 1564 977 1606 mucro.

192 1648 328 1712 Labitur
344 1649 545 1729 exsanguis,
570 1648 726 1710 labuntur
741 1647 865 1729 frigida
881 1648 947 1710 leto

192 1754 352 1829 Lumina;
378 1771 566 1835 purpureus
583 1752 751 1834 quondam
769 1752 858 1814 color
875 1771 932 1814 ora
948 1752 1088 1835 reliquit.

111 1867 156 1916 820
232 1857 319 1920 Tum
337 1858 385 1920 sic
402 1857 573 1937 exspirans
590 1855 727 1931 Accam,
746 1876 785 1918 ex
802 1855 995 1936 aequalibus
1013 1876 1123 1931 unam,

190 1961 403 2044 Adloquitur,
421 1959 486 2022 fida
503 1970 580 2024 ante
597 1960 679 2022 alias
695 1979 780 2042 quae
797 1961 868 2022 sola
885 1959 1053 2036 Camillae,

191 2065 334 2148 Quicum
352 2064 469 2146 partiri
485 2085 589 2140 curas,
608 2075 708 2147 atque
725 2065 807 2126 haec
823 2064 869 2127 ita
885 2065 993 2127 fatur:

192 2171 409 2243 “Hactenus
427 2169 521 2232 Acca
537 2187 638 2245 soror,
656 2168 766 2249 potui;
788 2189 876 2232 nunc
892 2169 1014 2231 vulnus
1031 2167 1186 2231 acerbum

190 2273 341 2349 Conficit,
360 2281 393 2336 et
409 2272 554 2336 tenebris
572 2275 764 2354 nigrescunt
781 2272 891 2336 omnia
908 2272 1040 2335 circum.

109 2387 152 2454 ⁸²5
192 2379 317 2459 Effuge
334 2386 369 2440 et
384 2377 468 2440 haec
484 2378 599 2440 Turno
616 2377 773 2438 mandata
790 2376 970 2439 novissima
987 2377 1121 2458 perfer:

191 2483 356 2548 Succedat
374 2501 508 2563 pugnae
524 2482 753 2563 Troianosque
769 2489 883 2543 arceat
898 2479 987 2544 urbe.

192 2587 332 2668 lamque
348 2585 453 2648 vale.'’
502 2585 607 2649 Simul
624 2586 676 2647 his
692 2585 788 2648 dictis
805 2584 976 2666 linquebat
992 2584 1149 2661 habenas,

190 2691 248 2755 Ad
263 2700 387 2753 terram
406 2709 472 2752 non
490 2699 609 2770 sponte
625 2689 741 2752 fluens.
789 2689 876 2751 Tum
893 2688 1016 2770 frigida
1032 2698 1101 2751 toto

192 2793 354 2856 Paulatim
372 2793 511 2856 exsolvit
529 2812 564 2855 se
580 2813 728 2874 corpore,
747 2793 903 2874 lentaque
919 2792 1004 2856 colla

110 2907 153 2971 830
193 2899 237 2961 Et
253 2907 389 2980 captum
405 2897 471 2960 leto
489 2897 598 2978 posuit
614 2907 725 2980 caput,
743 2917 834 2959 arma
851 2896 1042 2979 relinquens
1056 2917 1064 2971 ;

191 3001 336 3084 Vitaque
352 3022 428 3065 cum
445 3001 571 3084 gemitu
588 3001 675 3083 fugit
692 3001 865 3082 indignata
881 3000 942 3063 sub
960 3001 1104 3064 umbras.

192 3107 279 3168 Tum
296 3126 375 3170 vero
391 3105 578 3182 immensus,
589 3125 729 3188 surgens
745 3105 822 3168 ierit
840 3125 940 3168 aurea
956 3104 1080 3168 clamor

195 3208 332 3284 Sidera3
358 3210 486 3274 deiecta
502 3210 667 3273 crudescit
683 3229 797 3292 pugna
815 3209 976 3283 Camilla;

196 3313 374 3376 Incurrunt
390 3314 485 3378 densi
501 3314 597 3378 simul
613 3315 720 3377 omnis
737 3313 833 3395 copia
849 3314 1015 3376 Teucrum

112 3427 155 3493 835
195 3417 427 3502 Tyrrhenique
443 3419 545 3482 duces
561 3419 774 3500 Euandrique
792 3417 943 3480 Arcades
960 3417 1041 3480 alae.

239 3522 286 3585 At
301 3521 435 3586 Triviae
451 3532 562 3586 custos
578 3523 771 3585 iamdudum
788 3521 820 3584 in
839 3521 1006 3584 montibus
1023 3519 1108 3602 Opis

194 3624 382 3690 Altasedet
396 3627 542 3702 summis,
560 3635 756 3708 spectatque
772 3625 921 3689 interrita
938 3645 1079 3707 pugnas.

196 3730 310 3812 thue
327 3730 440 3811 procul
458 3730 566 3794 medio
581 3731 738 3793 iuvenum
755 3732 789 3792 in
806 3731 949 3792 clamore
966 3730 1137 3791 furentum

157 3845 166 3856 ·
197 3832 368 3916 Prospexit
383 3834 468 3898 tristi
484 3834 662 3913 mulcatum
680 3844 785 3896 morte
803 3832 987 3907 Camillam,
