2816 4282
457 256 599 331 'nisan
625 277 855 331 uuoacuuus

208 459 394 524 Sustentare
411 457 502 521 valet
518 456 602 532 telis,
620 466 678 518 aut
693 457 809 520 sistere
825 465 957 533 contra;

206 564 265 629 Sed
281 565 375 627 laxos
392 562 546 625 referunt
562 562 684 623 umeris
702 561 938 642 languentibus
955 581 1061 638 arcus,

128 679 169 745 875
205 668 533 750 Quadrupedumque
545 674 675 746 putrem
689 684 786 727 cursu
798 665 1040 746 quatitungula
1052 685 1217 747 campum.

242 772 397 836 Volvitur
413 770 457 833 ad
473 789 585 832 muros
601 768 742 850 caligine
759 769 909 832 turbidus
925 779 997 832 atra

204 879 319 953 Pulvis,
337 885 372 940 et
388 896 407 938 e
425 873 569 955 speculis
587 892 764 954 percussae
783 883 918 954 pectora
934 885 1057 938 matres

204 981 400 1044 Femineum
415 980 594 1042 clamorem
611 979 654 1042 ad
670 979 753 1042 caeli
770 979 878 1042 sidera
893 980 1022 1042 tollunt.

203 1087 266 1168 Qui
282 1106 383 1150 cursu
400 1093 515 1167 portas
532 1082 629 1166 primi
645 1082 800 1165 inrupere
816 1093 980 1165 patentes,

131 1198 169 1248 880
203 1191 274 1253 llos
290 1189 428 1252 inimica
444 1209 546 1270 super
562 1190 663 1251 mixto
681 1187 802 1270 premit
818 1189 952 1268 agmine
967 1186 1083 1264 turba;

204 1296 273 1358 Nec
289 1294 448 1357 miseram
464 1293 632 1373 effugiunt
648 1303 799 1368 mortem,
818 1292 876 1356 sed
894 1291 1006 1354 limine
1022 1291 1055 1354 in
1071 1290 1145 1373 ipso

205 1398 383 1463 Moenibus
399 1397 432 1460 in
451 1397 564 1478 patriis
580 1407 681 1478 atque
698 1397 784 1459 inter
800 1406 871 1460 tuta
888 1397 1060 1459 domorum

203 1502 328 1566 Confixi
345 1502 518 1582 exspirant
533 1503 671 1563 animas,
721 1501 801 1563 Pars
820 1501 973 1564 claudere
990 1509 1121 1581 portas:

205 1607 273 1669 Nec
292 1606 391 1668 sociis
409 1603 539 1687 aperire
556 1604 653 1681 viam,
672 1591 733 1668 nec
752 1604 925 1667 moenibus
941 1604 1065 1666 audent

129 1719 168 1785 885
204 1710 369 1793 Accipere
385 1718 538 1786 orantes;
564 1709 733 1791 oriturque
751 1708 935 1772 miserrima
951 1708 1071 1771 caedes

206 1815 457 1877 Defendentum
474 1813 574 1876 armis
591 1814 709 1889 aditus,
729 1814 830 1896 inque
846 1833 939 1874 arma
956 1821 1118 1876 ruentum.

205 1917 340 1981 Exclusi
356 1928 435 1980 ante
452 1918 565 1980 oculos
584 1917 881 1999 lacrimantemque
899 1937 957 1978 ora
973 1924 1149 1997 parentum

204 2022 282 2084 Pars
300 2021 333 2084 in
351 2021 552 2103 praecipites
569 2022 678 2084 fossas
695 2031 834 2102 urgente
851 2019 946 2082 ruina

202 2125 365 2201 Volvitur,
384 2125 539 2190 immissis
556 2146 633 2206 pars
650 2145 749 2188 caeca
767 2133 801 2187 et
816 2124 946 2187 concita
962 2123 1066 2187 frenis

126 2237 168 2300 890
203 2228 336 2293 Arietat
351 2230 385 2291 in
403 2239 517 2310 portas
533 2239 566 2291 et
582 2229 683 2291 duros
700 2228 793 2292 obice
811 2237 933 2310 postes.

204 2334 362 2415 Ipsae-de
379 2333 482 2396 muris
499 2353 629 2396 summo
646 2335 827 2397 certamine
844 2341 1028 2407 matres,-

205 2438 373 2501 Monstrat
390 2457 483 2500 amor
500 2458 597 2499 verus
615 2439 741 2518 patriae
758 2446 794 2500 ut
810 2436 923 2499 videre
940 2435 1114 2499 Camillam
1125 2472 1169 2482 -

204 2541 286 2604 Tela
303 2561 404 2604 manu
420 2541 570 2623 trepidae
587 2541 720 2618 iaciunt,
738 2561 777 2603 ac
795 2540 911 2603 robore
928 2540 1010 2602 duro

204 2645 380 2726 Stipitibus
397 2645 522 2708 ferrum
540 2645 743 2728 sudibusque
761 2645 932 2724 imitantur
947 2643 1074 2707 obustis

125 2757 167 2824 895
207 2749 416 2830 Praecipites,
435 2749 628 2830 primaeque
645 2749 728 2812 mori
745 2770 806 2831 pro
824 2748 997 2811 moenibus
1014 2748 1141 2812 ardent.

250 2854 383 2916 interea
399 2853 551 2916 Turnum
568 2855 601 2916 in
618 2853 709 2917 silvis
727 2854 939 2916 saevissimus
956 2852 1070 2935 implet

207 2957 362 3032 Nuntius,
379 2966 413 3020 et
428 2959 540 3020 iuveni
556 2957 726 3038 ingentem
745 2958 811 3020 lert
828 2956 921 3019 Acca
937 2957 1134 3020 tumultum:

207 3061 344 3124 Deletas
361 3061 558 3124 Volscorum
576 3062 673 3138 aclea,
692 3062 851 3124 cecidisse
869 3060 1053 3136 Camillam,

207 3167 369 3248 Ingruere
385 3167 535 3232 infensos
552 3169 675 3246 hostes,
693 3179 727 3232 et
746 3171 855 3232 Marte
872 3168 1018 3232 secundo

123 3292 168 3340 900
206 3270 330 3335 Omnia
345 3272 553 3353 corripuisse,
571 3283 695 3337 metum
712 3276 776 3336 iam
794 3273 835 3336 ad
854 3273 983 3336 moenia
1000 3272 1088 3334 ferri.

208 3375 268 3438 llle
285 3375 497 3441 furens-et
513 3398 612 3440 saeva
631 3378 719 3442 Iovis
736 3377 782 3442 sic
801 3378 938 3440 numina
955 3384 1150 3457 poscunt-

208 3479 341 3543 Deserit
357 3480 510 3545 obsessos
526 3481 635 3557 colles,
654 3465 790 3545 nemora
806 3502 925 3563 aspera
941 3479 1067 3562 linquit.

205 3584 270 3646 Vix
286 3603 305 3646 e
322 3594 502 3664 conspectu
519 3585 644 3648 exierat
661 3605 882 3667 campumque
898 3585 1042 3660 tenebat,

178 3721 183 3732 ·
205 3689 291 3752 Cum
309 3696 403 3768 pater
420 3689 565 3764 Aeneas,
583 3691 687 3753 saltus
703 3692 873 3771 ingressus
891 3699 1035 3771 apertos,

121 3814 164 3868 905
206 3793 460 3875 Exsuperatque
477 3793 592 3874 iugum
609 3795 757 3876 silvaque
773 3792 884 3857 evadit
899 3812 1013 3874 opaca.
