<?xml version="1.0" encoding="UTF-8"?>
<!DOCTYPE html PUBLIC "-//W3C//DTD XHTML 1.0 Transitional//EN"
    "http://www.w3.org/TR/xhtml1/DTD/xhtml1-transitional.dtd">
<html xmlns="http://www.w3.org/1999/xhtml" xml:lang="en" lang="en">
 <head>
  <title>
</title>
<meta http-equiv="Content-Type" content="text/html;charset=utf-8" />
  <meta name='ocr-system' content='tesseract 3.04.00' />
  <meta name='ocr-capabilities' content='ocr_page ocr_carea ocr_par ocr_line ocrx_word'/>
</head>
<body>
  <div class='ocr_page' id='page_1' title='image "./virgilsaeneidbo00denngoog_0260.png"; bbox 0 0 2800 4286; ppageno 0'>
   <div class='ocr_carea' id='block_1_1' title="bbox 509 307 781 361">
    <p class='ocr_par' dir='ltr' id='par_1_1' title="bbox 509 307 781 361">
     <span class='ocr_line' id='line_1_1' title="bbox 509 307 781 361; baseline 0.011 -3"><span class='ocrx_word' id='word_1_1' title='bbox 509 307 624 360; x_wconf 89' lang='lat' dir='ltr'>LIBER</span> <span class='ocrx_word' id='word_1_2' title='bbox 649 308 781 361; x_wconf 93' lang='lat' dir='ltr'>NONUS</span> 
     </span>
    </p>
   </div>
   <div class='ocr_carea' id='block_1_2' title="bbox 66 483 1197 3903">
    <p class='ocr_par' dir='ltr' id='par_1_2' title="bbox 89 483 1168 1090">
     <span class='ocr_line' id='line_1_2' title="bbox 179 483 1066 569; baseline 0.001 -22"><span class='ocrx_word' id='word_1_3' title='bbox 179 483 324 548; x_wconf 87' lang='lat' dir='ltr'>Volvitur</span> <span class='ocrx_word' id='word_1_4' title='bbox 343 484 399 548; x_wconf 93' lang='lat' dir='ltr'><strong>ille</strong></span> <span class='ocrx_word' id='word_1_5' title='bbox 415 505 557 548; x_wconf 88' lang='lat' dir='ltr'><strong>vomens</strong></span> <span class='ocrx_word' id='word_1_6' title='bbox 574 485 716 549; x_wconf 93' lang='lat' dir='ltr'><strong>calidum</strong></span> <span class='ocrx_word' id='word_1_7' title='bbox 734 487 774 550; x_wconf 89' lang='lat' dir='ltr'><strong>de</strong></span> <span class='ocrx_word' id='word_1_8' title='bbox 792 497 925 569; x_wconf 88' lang='lat' dir='ltr'><strong>pectore</strong></span> <span class='ocrx_word' id='word_1_9' title='bbox 942 487 1066 550; x_wconf 89' lang='lat' dir='ltr'><strong>flumen</strong></span> 
     </span>
     <span class='ocr_line' id='line_1_3' title="bbox 89 588 945 673; baseline 0.009 -27"><span class='ocrx_word' id='word_1_10' title='bbox 89 611 122 659; x_wconf 88' lang='lat'><strong>4¹</strong></span> <span class='ocrx_word' id='word_1_11' title='bbox 129 611 145 663; x_wconf 85' lang='lat'>5</span> <span class='ocrx_word' id='word_1_12' title='bbox 180 588 339 670; x_wconf 85' lang='lat' dir='ltr'>Frigidus,</span> <span class='ocrx_word' id='word_1_13' title='bbox 358 600 393 652; x_wconf 91' lang='lat' dir='ltr'><strong>et</strong></span> <span class='ocrx_word' id='word_1_14' title='bbox 410 591 521 670; x_wconf 88' lang='lat' dir='ltr'><strong>longis</strong></span> <span class='ocrx_word' id='word_1_15' title='bbox 538 589 738 672; x_wconf 85' lang='lat' dir='ltr'><strong>singultibus</strong></span> <span class='ocrx_word' id='word_1_16' title='bbox 754 591 809 653; x_wconf 89' lang='lat' dir='ltr'><strong>ilia</strong></span> <span class='ocrx_word' id='word_1_17' title='bbox 826 592 945 673; x_wconf 89' lang='lat' dir='ltr'><strong>pulsat.</strong></span> 
     </span>
     <span class='ocr_line' id='line_1_4' title="bbox 179 693 955 776; baseline 0.003 -21"><span class='ocrx_word' id='word_1_18' title='bbox 179 693 306 756; x_wconf 88' lang='lat' dir='ltr'><strong>Diversi</strong></span> <span class='ocrx_word' id='word_1_19' title='bbox 322 693 606 776; x_wconf 89' lang='lat' dir='ltr'><strong>circumspiciunt.</strong></span> <span class='ocrx_word' id='word_1_20' title='bbox 655 696 731 758; x_wconf 93' lang='lat' dir='ltr'><strong>Hoc</strong></span> <span class='ocrx_word' id='word_1_21' title='bbox 748 695 853 759; x_wconf 90' lang='lat' dir='ltr'><strong>acrior</strong></span> <span class='ocrx_word' id='word_1_22' title='bbox 869 695 955 759; x_wconf 91' lang='lat' dir='ltr'><strong>idem</strong></span> 
     </span>
     <span class='ocr_line' id='line_1_5' title="bbox 179 798 961 864; baseline 0.003 -4"><span class='ocrx_word' id='word_1_23' title='bbox 179 798 262 861; x_wconf 88' lang='lat' dir='ltr'><strong>Ecce</strong></span> <span class='ocrx_word' id='word_1_24' title='bbox 279 798 372 861; x_wconf 89' lang='lat' dir='ltr'><strong>aliud</strong></span> <span class='ocrx_word' id='word_1_25' title='bbox 390 819 521 860; x_wconf 92' lang='lat' dir='ltr'><strong>summa</strong></span> <span class='ocrx_word' id='word_1_26' title='bbox 538 800 639 862; x_wconf 92' lang='lat' dir='ltr'><strong>telum</strong></span> <span class='ocrx_word' id='word_1_27' title='bbox 657 799 798 862; x_wconf 81' lang='lat' dir='ltr'>librabat</span> <span class='ocrx_word' id='word_1_28' title='bbox 815 799 857 862; x_wconf 92' lang='lat' dir='ltr'><strong>ab</strong></span> <span class='ocrx_word' id='word_1_29' title='bbox 873 819 961 864; x_wconf 87' lang='lat' dir='ltr'><strong>aure.</strong></span> 
     </span>
     <span class='ocr_line' id='line_1_6' title="bbox 179 902 1168 987; baseline 0.006 -23"><span class='ocrx_word' id='word_1_30' title='bbox 179 903 263 965; x_wconf 90' lang='lat' dir='ltr'><strong>Dum</strong></span> <span class='ocrx_word' id='word_1_31' title='bbox 280 902 464 983; x_wconf 89' lang='lat' dir='ltr'><strong>trepidant,</strong></span> <span class='ocrx_word' id='word_1_32' title='bbox 478 903 515 966; x_wconf 88' lang='lat' dir='ltr'><strong>iit</strong></span> <span class='ocrx_word' id='word_1_33' title='bbox 531 904 625 966; x_wconf 87' lang='lat' dir='ltr'><strong>hasta</strong></span> <span class='ocrx_word' id='word_1_34' title='bbox 643 904 739 985; x_wconf 88' lang='lat' dir='ltr'><strong>Tago</strong></span> <span class='ocrx_word' id='word_1_35' title='bbox 757 924 816 985; x_wconf 88' lang='lat' dir='ltr'><strong>per</strong></span> <span class='ocrx_word' id='word_1_36' title='bbox 831 913 965 986; x_wconf 88' lang='lat' dir='ltr'><strong>tempus</strong></span> <span class='ocrx_word' id='word_1_37' title='bbox 982 914 1168 987; x_wconf 85' lang='lat' dir='ltr'><strong>utrumque,</strong></span> 
     </span>
     <span class='ocr_line' id='line_1_7' title="bbox 178 1006 1034 1090; baseline 0.002 -21"><span class='ocrx_word' id='word_1_38' title='bbox 178 1006 339 1081; x_wconf 85' lang='lat' dir='ltr'><strong>Stridens,</strong></span> <span class='ocrx_word' id='word_1_39' title='bbox 356 1007 563 1090; x_wconf 89' lang='lat' dir='ltr'><strong>traiectoque</strong></span> <span class='ocrx_word' id='word_1_40' title='bbox 580 1007 686 1071; x_wconf 87' lang='lat' dir='ltr'><strong>haesit</strong></span> <span class='ocrx_word' id='word_1_41' title='bbox 703 1009 872 1089; x_wconf 85' lang='lat' dir='ltr'><strong>tepefacta</strong></span> <span class='ocrx_word' id='word_1_42' title='bbox 889 1010 1034 1072; x_wconf 92' lang='lat' dir='ltr'><strong>cerebro.</strong></span> 
     </span>
    </p>

    <p class='ocr_par' dir='ltr' id='par_1_3' title="bbox 89 1111 1124 1613">
     <span class='ocr_line' id='line_1_8' title="bbox 89 1111 1124 1196; baseline 0.008 -28"><span class='ocrx_word' id='word_1_43' title='bbox 89 1135 143 1180; x_wconf 79' lang='lat'><strong>420</strong></span> <span class='ocrx_word' id='word_1_44' title='bbox 218 1111 334 1175; x_wconf 89' lang='lat' dir='ltr'><strong>Saevit</strong></span> <span class='ocrx_word' id='word_1_45' title='bbox 350 1121 445 1174; x_wconf 86' lang='lat' dir='ltr'><strong>atrox</strong></span> <span class='ocrx_word' id='word_1_46' title='bbox 462 1113 635 1194; x_wconf 88' lang='lat' dir='ltr'><strong>Volscens,</strong></span> <span class='ocrx_word' id='word_1_47' title='bbox 654 1133 716 1176; x_wconf 89' lang='lat' dir='ltr'><strong>nec</strong></span> <span class='ocrx_word' id='word_1_48' title='bbox 732 1113 789 1176; x_wconf 89' lang='lat' dir='ltr'><strong>teli</strong></span> <span class='ocrx_word' id='word_1_49' title='bbox 805 1112 967 1195; x_wconf 87' lang='lat' dir='ltr'><strong>conspicit</strong></span> <span class='ocrx_word' id='word_1_50' title='bbox 984 1133 1124 1196; x_wconf 86' lang='lat' dir='ltr'><strong>usquam</strong></span> 
     </span>
     <span class='ocr_line' id='line_1_9' title="bbox 177 1215 1047 1299; baseline 0.002 -21"><span class='ocrx_word' id='word_1_51' title='bbox 177 1215 371 1291; x_wconf 85' lang='lat' dir='ltr'><strong>Auctorem,</strong></span> <span class='ocrx_word' id='word_1_52' title='bbox 391 1236 452 1280; x_wconf 93' lang='lat' dir='ltr'><strong>nec</strong></span> <span class='ocrx_word' id='word_1_53' title='bbox 469 1237 535 1298; x_wconf 94' lang='lat' dir='ltr'><strong>quo</strong></span> <span class='ocrx_word' id='word_1_54' title='bbox 552 1237 588 1279; x_wconf 93' lang='lat' dir='ltr'><strong>se</strong></span> <span class='ocrx_word' id='word_1_55' title='bbox 605 1217 725 1281; x_wconf 90' lang='lat' dir='ltr'><strong>ardens</strong></span> <span class='ocrx_word' id='word_1_56' title='bbox 741 1216 918 1280; x_wconf 86' lang='lat' dir='ltr'><strong>immittere</strong></span> <span class='ocrx_word' id='word_1_57' title='bbox 936 1217 1047 1299; x_wconf 90' lang='lat' dir='ltr'><strong>possit.</strong></span> 
     </span>
     <span class='ocr_line' id='line_1_10' title="bbox 179 1320 1080 1405; baseline 0.003 -23"><span class='ocrx_word' id='word_1_58' title='bbox 179 1321 258 1382; x_wconf 89' lang='lat' dir='ltr'><strong>“Tu</strong></span> <span class='ocrx_word' id='word_1_59' title='bbox 275 1330 392 1383; x_wconf 90' lang='lat' dir='ltr'><strong>tamen</strong></span> <span class='ocrx_word' id='word_1_60' title='bbox 409 1320 536 1384; x_wconf 87' lang='lat' dir='ltr'><strong>interea</strong></span> <span class='ocrx_word' id='word_1_61' title='bbox 553 1321 660 1384; x_wconf 92' lang='lat' dir='ltr'><strong>calido</strong></span> <span class='ocrx_word' id='word_1_62' title='bbox 676 1321 757 1384; x_wconf 93' lang='lat' dir='ltr'><strong>mihi</strong></span> <span class='ocrx_word' id='word_1_63' title='bbox 774 1321 937 1403; x_wconf 88' lang='lat' dir='ltr'><strong>sanguine</strong></span> <span class='ocrx_word' id='word_1_64' title='bbox 954 1342 1080 1405; x_wconf 89' lang='lat' dir='ltr'><strong>poenas</strong></span> 
     </span>
     <span class='ocr_line' id='line_1_11' title="bbox 179 1424 1077 1507; baseline 0.004 -21"><span class='ocrx_word' id='word_1_65' title='bbox 179 1425 352 1488; x_wconf 90' lang='lat' dir='ltr'><strong>Persolves</strong></span> <span class='ocrx_word' id='word_1_66' title='bbox 368 1424 541 1487; x_wconf 91' lang='lat' dir='ltr'><strong>amborum</strong></span> <span class='ocrx_word' id='word_1_67' title='bbox 553 1425 571 1449; x_wconf 79' lang='lat'><strong>’⁹</strong></span> <span class='ocrx_word' id='word_1_68' title='bbox 588 1425 713 1507; x_wconf 91' lang='lat' dir='ltr'><strong>inquit;</strong></span> <span class='ocrx_word' id='word_1_69' title='bbox 738 1425 835 1488; x_wconf 92' lang='lat' dir='ltr'><strong>simul</strong></span> <span class='ocrx_word' id='word_1_70' title='bbox 851 1445 931 1490; x_wconf 90' lang='lat' dir='ltr'><strong>ense</strong></span> <span class='ocrx_word' id='word_1_71' title='bbox 947 1427 1077 1490; x_wconf 89' lang='lat' dir='ltr'><strong>recluso</strong></span> 
     </span>
     <span class='ocr_line' id='line_1_12' title="bbox 179 1529 1090 1613; baseline 0.003 -22"><span class='ocrx_word' id='word_1_72' title='bbox 179 1529 251 1592; x_wconf 88' lang='lat' dir='ltr'><strong>Ibat</strong></span> <span class='ocrx_word' id='word_1_73' title='bbox 269 1529 304 1590; x_wconf 94' lang='lat' dir='ltr'><strong>in</strong></span> <span class='ocrx_word' id='word_1_74' title='bbox 323 1530 516 1613; x_wconf 90' lang='lat' dir='ltr'><strong>Euryalum.</strong></span> <span class='ocrx_word' id='word_1_75' title='bbox 564 1530 650 1592; x_wconf 93' lang='lat' dir='ltr'><strong>Turn</strong></span> <span class='ocrx_word' id='word_1_76' title='bbox 668 1550 746 1593; x_wconf 90' lang='lat' dir='ltr'><strong>vero</strong></span> <span class='ocrx_word' id='word_1_77' title='bbox 762 1532 947 1606; x_wconf 71' lang='lat' dir='ltr'><strong>exterritus</strong></span> <span class='ocrx_word' id='word_1_78' title='bbox 965 1549 1090 1606; x_wconf 78' lang='lat' dir='ltr'><strong>amenS,</strong></span> 
     </span>
    </p>

    <p class='ocr_par' dir='ltr' id='par_1_4' title="bbox 91 1633 1148 2132">
     <span class='ocr_line' id='line_1_13' title="bbox 91 1633 926 1708; baseline 0.01 -18"><span class='ocrx_word' id='word_1_79' title='bbox 91 1657 139 1708; x_wconf 84' lang='lat'><strong>4²5</strong></span> <span class='ocrx_word' id='word_1_80' title='bbox 179 1634 375 1697; x_wconf 87' lang='lat' dir='ltr'><strong>Conclamat</strong></span> <span class='ocrx_word' id='word_1_81' title='bbox 394 1633 507 1708; x_wconf 88' lang='lat' dir='ltr'><strong>Nisus,</strong></span> <span class='ocrx_word' id='word_1_82' title='bbox 525 1654 588 1697; x_wconf 88' lang='lat' dir='ltr'><strong>nec</strong></span> <span class='ocrx_word' id='word_1_83' title='bbox 603 1655 639 1697; x_wconf 93' lang='lat' dir='ltr'><strong>se</strong></span> <span class='ocrx_word' id='word_1_84' title='bbox 656 1635 764 1698; x_wconf 91' lang='lat' dir='ltr'><strong>celare</strong></span> <span class='ocrx_word' id='word_1_85' title='bbox 780 1635 926 1698; x_wconf 90' lang='lat' dir='ltr'><strong>tenebris</strong></span> 
     </span>
     <span class='ocr_line' id='line_1_14' title="bbox 179 1737 1148 1820; baseline 0 -20"><span class='ocrx_word' id='word_1_86' title='bbox 179 1737 347 1819; x_wconf 86' lang='lat' dir='ltr'><strong>Amplius,</strong></span> <span class='ocrx_word' id='word_1_87' title='bbox 365 1747 422 1800; x_wconf 91' lang='lat' dir='ltr'><strong>aut</strong></span> <span class='ocrx_word' id='word_1_88' title='bbox 438 1747 568 1801; x_wconf 90' lang='lat' dir='ltr'><strong>tanturn</strong></span> <span class='ocrx_word' id='word_1_89' title='bbox 586 1738 694 1820; x_wconf 91' lang='lat' dir='ltr'><strong>potuit</strong></span> <span class='ocrx_word' id='word_1_90' title='bbox 710 1739 861 1820; x_wconf 86' lang='lat' dir='ltr'><strong>perferre</strong></span> <span class='ocrx_word' id='word_1_91' title='bbox 876 1740 1044 1802; x_wconf 92' lang='lat' dir='ltr'><strong>dolorem:</strong></span> <span class='ocrx_word' id='word_1_92' title='bbox 1146 1789 1148 1794; x_wconf 61' lang='grc'>,</span> 
     </span>
     <span class='ocr_line' id='line_1_15' title="bbox 180 1842 1139 1924; baseline 0 -20"><span class='ocrx_word' id='word_1_93' title='bbox 180 1847 197 1872; x_wconf 92' lang='grc'>“</span> <span class='ocrx_word' id='word_1_94' title='bbox 211 1843 277 1917; x_wconf 92' lang='grc' dir='ltr'><strong>Με,</strong></span> <span class='ocrx_word' id='word_1_95' title='bbox 296 1861 359 1916; x_wconf 91' lang='lat' dir='ltr'><strong>me,</strong></span> <span class='ocrx_word' id='word_1_96' title='bbox 377 1843 504 1917; x_wconf 89' lang='lat' dir='ltr'><strong>adsum,</strong></span> <span class='ocrx_word' id='word_1_97' title='bbox 522 1842 578 1924; x_wconf 93' lang='lat' dir='ltr'><strong>qui</strong></span> <span class='ocrx_word' id='word_1_98' title='bbox 594 1843 668 1918; x_wconf 86' lang='lat' dir='ltr'><strong>ieci,</strong></span> <span class='ocrx_word' id='word_1_99' title='bbox 685 1845 719 1904; x_wconf 94' lang='lat' dir='ltr'><strong>in</strong></span> <span class='ocrx_word' id='word_1_100' title='bbox 736 1863 790 1906; x_wconf 90' lang='lat' dir='ltr'><strong>me</strong></span> <span class='ocrx_word' id='word_1_101' title='bbox 805 1843 987 1906; x_wconf 88' lang='lat' dir='ltr'><strong>convertite</strong></span> <span class='ocrx_word' id='word_1_102' title='bbox 1003 1844 1139 1918; x_wconf 88' lang='lat' dir='ltr'><strong>ierrum,</strong></span> 
     </span>
     <span class='ocr_line' id='line_1_16' title="bbox 180 1945 1110 2022; baseline 0 -12"><span class='ocrx_word' id='word_1_103' title='bbox 180 1945 209 2010; x_wconf 93' lang='lat' dir='ltr'>O</span> <span class='ocrx_word' id='word_1_104' title='bbox 229 1945 363 2008; x_wconf 91' lang='lat' dir='ltr'><strong>Rutuli!</strong></span> <span class='ocrx_word' id='word_1_105' title='bbox 388 1965 464 2008; x_wconf 93' lang='lat' dir='ltr'><strong>mea</strong></span> <span class='ocrx_word' id='word_1_106' title='bbox 479 1946 571 2008; x_wconf 86' lang='lat' dir='ltr'><strong>fraus</strong></span> <span class='ocrx_word' id='word_1_107' title='bbox 588 1949 695 2011; x_wconf 93' lang='lat' dir='ltr'><strong>omnis</strong></span> <span class='ocrx_word' id='word_1_108' title='bbox 709 1967 716 2022; x_wconf 94' lang='lat'>;</span> <span class='ocrx_word' id='word_1_109' title='bbox 745 1946 826 2009; x_wconf 92' lang='lat' dir='ltr'><strong>nihil</strong></span> <span class='ocrx_word' id='word_1_110' title='bbox 843 1948 905 2010; x_wconf 88' lang='lat' dir='ltr'><strong>iste</strong></span> <span class='ocrx_word' id='word_1_111' title='bbox 921 1967 983 2010; x_wconf 92' lang='lat' dir='ltr'><strong>nec</strong></span> <span class='ocrx_word' id='word_1_112' title='bbox 1001 1967 1110 2022; x_wconf 77' lang='lat' dir='ltr'><strong>ausus</strong></span> 
     </span>
     <span class='ocr_line' id='line_1_17' title="bbox 179 2049 1096 2132; baseline 0.003 -21"><span class='ocrx_word' id='word_1_113' title='bbox 179 2050 250 2113; x_wconf 94' lang='lat' dir='ltr'><strong>Nec</strong></span> <span class='ocrx_word' id='word_1_114' title='bbox 268 2049 376 2132; x_wconf 87' lang='lat' dir='ltr'><strong>potuit</strong></span> <span class='ocrx_word' id='word_1_115' title='bbox 391 2070 398 2125; x_wconf 88' lang='lat'><strong>;</strong></span> <span class='ocrx_word' id='word_1_116' title='bbox 423 2050 551 2112; x_wconf 89' lang='lat' dir='ltr'><strong>caelum</strong></span> <span class='ocrx_word' id='word_1_117' title='bbox 569 2052 631 2114; x_wconf 93' lang='lat' dir='ltr'><strong>hoc</strong></span> <span class='ocrx_word' id='word_1_118' title='bbox 649 2061 682 2114; x_wconf 93' lang='lat' dir='ltr'><strong>et</strong></span> <span class='ocrx_word' id='word_1_119' title='bbox 699 2051 833 2114; x_wconf 91' lang='lat' dir='ltr'><strong>conscia</strong></span> <span class='ocrx_word' id='word_1_120' title='bbox 849 2051 958 2114; x_wconf 90' lang='lat' dir='ltr'><strong>sidera</strong></span> <span class='ocrx_word' id='word_1_121' title='bbox 974 2059 1077 2114; x_wconf 90' lang='lat' dir='ltr'><strong>testor</strong></span> <span class='ocrx_word' id='word_1_122' title='bbox 1087 2071 1096 2126; x_wconf 78' lang='lat'>3</span> 
     </span>
    </p>

    <p class='ocr_par' dir='ltr' id='par_1_5' title="bbox 92 2153 989 2226">
     <span class='ocr_line' id='line_1_18' title="bbox 92 2153 989 2226; baseline 0.007 -15"><span class='ocrx_word' id='word_1_123' title='bbox 92 2177 140 2226; x_wconf 78' lang='lat'><strong>430</strong></span> <span class='ocrx_word' id='word_1_124' title='bbox 178 2154 325 2216; x_wconf 90' lang='lat' dir='ltr'><strong>Tantum</strong></span> <span class='ocrx_word' id='word_1_125' title='bbox 344 2153 512 2218; x_wconf 76' lang='lat' dir='ltr'><strong>infelicem</strong></span> <span class='ocrx_word' id='word_1_126' title='bbox 530 2155 668 2217; x_wconf 92' lang='lat' dir='ltr'><strong>nimium</strong></span> <span class='ocrx_word' id='word_1_127' title='bbox 686 2155 798 2218; x_wconf 87' lang='lat' dir='ltr'><strong>dilexit</strong></span> <span class='ocrx_word' id='word_1_128' title='bbox 816 2155 989 2218; x_wconf 88' lang='lat' dir='ltr'><strong>amicum.’&#39;</strong></span> 
     </span>
    </p>

    <p class='ocr_par' dir='ltr' id='par_1_6' title="bbox 178 2257 1027 2550">
     <span class='ocr_line' id='line_1_19' title="bbox 178 2257 1002 2335; baseline 0.005 -16"><span class='ocrx_word' id='word_1_129' title='bbox 178 2258 272 2320; x_wconf 90' lang='lat' dir='ltr'><strong>Talia</strong></span> <span class='ocrx_word' id='word_1_130' title='bbox 288 2258 378 2320; x_wconf 91' lang='lat' dir='ltr'><strong>dicta</strong></span> <span class='ocrx_word' id='word_1_131' title='bbox 396 2257 514 2335; x_wconf 90' lang='lat' dir='ltr'><strong>dabat;</strong></span> <span class='ocrx_word' id='word_1_132' title='bbox 540 2259 599 2321; x_wconf 91' lang='lat' dir='ltr'><strong>sed</strong></span> <span class='ocrx_word' id='word_1_133' title='bbox 616 2259 740 2322; x_wconf 89' lang='lat' dir='ltr'><strong>viribus</strong></span> <span class='ocrx_word' id='word_1_134' title='bbox 757 2260 846 2323; x_wconf 89' lang='lat' dir='ltr'><strong>ensis</strong></span> <span class='ocrx_word' id='word_1_135' title='bbox 863 2260 1002 2323; x_wconf 89' lang='lat' dir='ltr'><strong>adactus</strong></span> 
     </span>
     <span class='ocr_line' id='line_1_20' title="bbox 179 2362 1004 2446; baseline 0.002 -22"><span class='ocrx_word' id='word_1_136' title='bbox 179 2362 369 2425; x_wconf 91' lang='lat' dir='ltr'><strong>Transabiit</strong></span> <span class='ocrx_word' id='word_1_137' title='bbox 387 2372 496 2434; x_wconf 88' lang='lat' dir='ltr'><strong>costas</strong></span> <span class='ocrx_word' id='word_1_138' title='bbox 512 2371 546 2426; x_wconf 90' lang='lat' dir='ltr'><strong>et</strong></span> <span class='ocrx_word' id='word_1_139' title='bbox 561 2363 703 2426; x_wconf 92' lang='lat' dir='ltr'><strong>candida</strong></span> <span class='ocrx_word' id='word_1_140' title='bbox 720 2374 855 2446; x_wconf 87' lang='lat' dir='ltr'><strong>pectora</strong></span> <span class='ocrx_word' id='word_1_141' title='bbox 872 2365 1004 2445; x_wconf 87' lang='lat' dir='ltr'><strong>rumpit.</strong></span> 
     </span>
     <span class='ocr_line' id='line_1_21' title="bbox 178 2466 1027 2550; baseline 0.004 -22"><span class='ocrx_word' id='word_1_142' title='bbox 178 2467 330 2529; x_wconf 91' lang='lat' dir='ltr'><strong>Volvitur</strong></span> <span class='ocrx_word' id='word_1_143' title='bbox 349 2467 516 2550; x_wconf 88' lang='lat' dir='ltr'><strong>Euryalus</strong></span> <span class='ocrx_word' id='word_1_144' title='bbox 532 2466 607 2542; x_wconf 85' lang='lat' dir='ltr'><strong>leto,</strong></span> <span class='ocrx_word' id='word_1_145' title='bbox 621 2467 844 2550; x_wconf 90' lang='lat' dir='ltr'><strong>pulchrosque</strong></span> <span class='ocrx_word' id='word_1_146' title='bbox 861 2487 920 2548; x_wconf 92' lang='lat' dir='ltr'><strong>per</strong></span> <span class='ocrx_word' id='word_1_147' title='bbox 936 2477 1027 2531; x_wconf 90' lang='lat' dir='ltr'><strong>artus</strong></span> 
     </span>
    </p>

    <p class='ocr_par' dir='ltr' id='par_1_7' title="bbox 180 2570 1101 2654">
     <span class='ocr_line' id='line_1_22' title="bbox 180 2570 1101 2654; baseline 0.002 -22"><span class='ocrx_word' id='word_1_148' title='bbox 180 2571 210 2633; x_wconf 93' lang='lat' dir='ltr'><strong>It</strong></span> <span class='ocrx_word' id='word_1_149' title='bbox 226 2591 332 2646; x_wconf 92' lang='lat' dir='ltr'><strong>cruor,</strong></span> <span class='ocrx_word' id='word_1_150' title='bbox 350 2571 452 2653; x_wconf 91' lang='lat' dir='ltr'><strong>inque</strong></span> <span class='ocrx_word' id='word_1_151' title='bbox 468 2591 601 2634; x_wconf 89' lang='lat' dir='ltr'><strong>umeros</strong></span> <span class='ocrx_word' id='word_1_152' title='bbox 617 2571 727 2634; x_wconf 86' lang='lat' dir='ltr'><strong>cervix</strong></span> <span class='ocrx_word' id='word_1_153' title='bbox 744 2572 903 2654; x_wconf 90' lang='lat' dir='ltr'><strong>conlapsa</strong></span> <span class='ocrx_word' id='word_1_154' title='bbox 919 2570 1101 2634; x_wconf 89' lang='lat' dir='ltr'><strong>recumbit:</strong></span> 
     </span>
    </p>

    <p class='ocr_par' dir='ltr' id='par_1_8' title="bbox 93 2675 946 2756">
     <span class='ocr_line' id='line_1_23' title="bbox 93 2675 946 2756; baseline 0.002 -20"><span class='ocrx_word' id='word_1_155' title='bbox 93 2697 137 2748; x_wconf 81' lang='lat'><strong>435</strong></span> <span class='ocrx_word' id='word_1_156' title='bbox 179 2677 369 2756; x_wconf 90' lang='lat' dir='ltr'><strong>Purpureus</strong></span> <span class='ocrx_word' id='word_1_157' title='bbox 385 2675 487 2737; x_wconf 91' lang='lat' dir='ltr'><strong>veluti</strong></span> <span class='ocrx_word' id='word_1_158' title='bbox 503 2695 578 2738; x_wconf 89' lang='lat' dir='ltr'><strong>cum</strong></span> <span class='ocrx_word' id='word_1_159' title='bbox 596 2675 656 2738; x_wconf 91' lang='lat' dir='ltr'><strong>flos</strong></span> <span class='ocrx_word' id='word_1_160' title='bbox 673 2676 821 2738; x_wconf 89' lang='lat' dir='ltr'><strong>succisus</strong></span> <span class='ocrx_word' id='word_1_161' title='bbox 837 2684 946 2738; x_wconf 89' lang='lat' dir='ltr'><strong>aratro</strong></span> 
     </span>
    </p>

    <p class='ocr_par' dir='ltr' id='par_1_9' title="bbox 66 2775 1039 3173">
     <span class='ocr_line' id='line_1_24' title="bbox 66 2775 1039 2861; baseline 0 -19"><span class='ocrx_word' id='word_1_162' title='bbox 66 2837 69 2842; x_wconf 92' lang='lat'><strong>.</strong></span> <span class='ocrx_word' id='word_1_163' title='bbox 179 2775 385 2860; x_wconf 83' lang='lat' dir='ltr'><strong>Languescit</strong></span> <span class='ocrx_word' id='word_1_164' title='bbox 402 2779 554 2854; x_wconf 92' lang='lat' dir='ltr'><strong>moriens,</strong></span> <span class='ocrx_word' id='word_1_165' title='bbox 572 2779 701 2844; x_wconf 90' lang='lat' dir='ltr'><strong>lassove</strong></span> <span class='ocrx_word' id='word_1_166' title='bbox 718 2799 886 2861; x_wconf 89' lang='lat' dir='ltr'><strong>papavera</strong></span> <span class='ocrx_word' id='word_1_167' title='bbox 902 2780 987 2843; x_wconf 95' lang='lat' dir='ltr'><strong>collo</strong></span> <span class='ocrx_word' id='word_1_168' title='bbox 1037 2789 1039 2794; x_wconf 84' lang='lat'>&#39;</span> 
     </span>
     <span class='ocr_line' id='line_1_25' title="bbox 179 2884 1013 2965; baseline 0.001 -19"><span class='ocrx_word' id='word_1_169' title='bbox 179 2884 355 2946; x_wconf 90' lang='lat' dir='ltr'><strong>Demisere</strong></span> <span class='ocrx_word' id='word_1_170' title='bbox 372 2893 482 2964; x_wconf 88' lang='lat' dir='ltr'><strong>caput,</strong></span> <span class='ocrx_word' id='word_1_171' title='bbox 500 2884 612 2965; x_wconf 87' lang='lat' dir='ltr'><strong>pluvia</strong></span> <span class='ocrx_word' id='word_1_172' title='bbox 629 2904 703 2947; x_wconf 93' lang='lat' dir='ltr'><strong>cum</strong></span> <span class='ocrx_word' id='word_1_173' title='bbox 721 2885 808 2946; x_wconf 81' lang='lat' dir='ltr'><strong>forte</strong></span> <span class='ocrx_word' id='word_1_174' title='bbox 824 2893 1013 2965; x_wconf 89' lang='lat' dir='ltr'><strong>gravantur.</strong></span> 
     </span>
     <span class='ocr_line' id='line_1_26' title="bbox 178 2969 1030 3070; baseline 0.001 -21"><span class='ocrx_word' id='word_1_175' title='bbox 178 2969 225 3050; x_wconf 88' lang='lat' dir='ltr'><strong>At</strong></span> <span class='ocrx_word' id='word_1_176' title='bbox 243 2989 347 3051; x_wconf 92' lang='lat' dir='ltr'><strong>Nisus</strong></span> <span class='ocrx_word' id='word_1_177' title='bbox 364 2987 429 3051; x_wconf 90' lang='lat' dir='ltr'><strong>ruit</strong></span> <span class='ocrx_word' id='word_1_178' title='bbox 444 2987 479 3050; x_wconf 91' lang='lat' dir='ltr'><strong>in</strong></span> <span class='ocrx_word' id='word_1_179' title='bbox 495 2988 630 3062; x_wconf 91' lang='lat' dir='ltr'><strong>medios,</strong></span> <span class='ocrx_word' id='word_1_180' title='bbox 648 2989 822 3070; x_wconf 91' lang='lat' dir='ltr'><strong>solumque</strong></span> <span class='ocrx_word' id='word_1_181' title='bbox 839 3007 897 3069; x_wconf 92' lang='lat' dir='ltr'><strong>per</strong></span> <span class='ocrx_word' id='word_1_182' title='bbox 913 3007 1030 3052; x_wconf 90' lang='lat' dir='ltr'><strong>omnes</strong></span> 
     </span>
     <span class='ocr_line' id='line_1_27' title="bbox 177 3091 1009 3173; baseline -0.004 -18"><span class='ocrx_word' id='word_1_183' title='bbox 177 3093 394 3155; x_wconf 89' lang='lat' dir='ltr'><strong>Volscentem</strong></span> <span class='ocrx_word' id='word_1_184' title='bbox 413 3091 504 3173; x_wconf 89' lang='lat' dir='ltr'><strong>petit,</strong></span> <span class='ocrx_word' id='word_1_185' title='bbox 521 3091 554 3153; x_wconf 92' lang='lat' dir='ltr'><strong>in</strong></span> <span class='ocrx_word' id='word_1_186' title='bbox 571 3093 641 3155; x_wconf 92' lang='lat' dir='ltr'><strong>solo</strong></span> <span class='ocrx_word' id='word_1_187' title='bbox 658 3091 838 3156; x_wconf 90' lang='lat' dir='ltr'><strong>Volscente</strong></span> <span class='ocrx_word' id='word_1_188' title='bbox 855 3101 1009 3154; x_wconf 90' lang='lat' dir='ltr'><strong>moratur.</strong></span> 
     </span>
    </p>

    <p class='ocr_par' dir='ltr' id='par_1_10' title="bbox 94 3194 1197 3278">
     <span class='ocr_line' id='line_1_28' title="bbox 94 3194 1197 3278; baseline 0.006 -26"><span class='ocrx_word' id='word_1_189' title='bbox 94 3217 140 3265; x_wconf 84' lang='lat'><strong>440</strong></span> <span class='ocrx_word' id='word_1_190' title='bbox 179 3195 287 3276; x_wconf 83' lang='lat' dir='ltr'><strong>Quem</strong></span> <span class='ocrx_word' id='word_1_191' title='bbox 310 3195 434 3258; x_wconf 91' lang='lat' dir='ltr'><strong>circum</strong></span> <span class='ocrx_word' id='word_1_192' title='bbox 456 3196 630 3276; x_wconf 83' lang='lat' dir='ltr'><strong>glomerati</strong></span> <span class='ocrx_word' id='word_1_193' title='bbox 654 3195 767 3259; x_wconf 89' lang='lat' dir='ltr'><strong>hostes</strong></span> <span class='ocrx_word' id='word_1_194' title='bbox 789 3196 866 3258; x_wconf 92' lang='lat' dir='ltr'><strong>hinc</strong></span> <span class='ocrx_word' id='word_1_195' title='bbox 889 3194 1075 3266; x_wconf 91' lang='lat' dir='ltr'><strong>cornminus</strong></span> <span class='ocrx_word' id='word_1_196' title='bbox 1097 3205 1197 3278; x_wconf 90' lang='lat' dir='ltr'><strong>atque</strong></span> 
     </span>
    </p>

    <p class='ocr_par' dir='ltr' id='par_1_11' title="bbox 266 3301 423 3362">
     <span class='ocr_line' id='line_1_29' title="bbox 266 3301 423 3362; baseline 0.019 -1"><span class='ocrx_word' id='word_1_197' title='bbox 266 3301 343 3362; x_wconf 92' lang='lat' dir='ltr'><strong>hinc</strong></span> <span class='ocrx_word' id='word_1_198' title='bbox 421 3321 423 3324; x_wconf 83' lang='lat'>·</span> 
     </span>
    </p>

    <p class='ocr_par' dir='ltr' id='par_1_12' title="bbox 179 3404 1140 3801">
     <span class='ocr_line' id='line_1_30' title="bbox 180 3404 1048 3480; baseline 0.002 -15"><span class='ocrx_word' id='word_1_199' title='bbox 180 3404 389 3470; x_wconf 90' lang='lat' dir='ltr'><strong>Proturbant.</strong></span> <span class='ocrx_word' id='word_1_200' title='bbox 440 3406 547 3468; x_wconf 92' lang='lat' dir='ltr'><strong>Instat</strong></span> <span class='ocrx_word' id='word_1_201' title='bbox 563 3426 628 3468; x_wconf 91' lang='lat' dir='ltr'><strong>non</strong></span> <span class='ocrx_word' id='word_1_202' title='bbox 647 3405 757 3480; x_wconf 89' lang='lat' dir='ltr'><strong>setius,</strong></span> <span class='ocrx_word' id='word_1_203' title='bbox 775 3425 814 3468; x_wconf 88' lang='lat' dir='ltr'><strong>ac</strong></span> <span class='ocrx_word' id='word_1_204' title='bbox 830 3413 917 3469; x_wconf 87' lang='lat' dir='ltr'><strong>rotat</strong></span> <span class='ocrx_word' id='word_1_205' title='bbox 933 3423 1048 3467; x_wconf 91' lang='lat' dir='ltr'><strong>ensem</strong></span> 
     </span>
     <span class='ocr_line' id='line_1_31' title="bbox 180 3495 972 3584; baseline 0.001 -14"><span class='ocrx_word' id='word_1_206' title='bbox 180 3495 402 3584; x_wconf 89' lang='lat' dir='ltr'><strong>Fulmineum,</strong></span> <span class='ocrx_word' id='word_1_207' title='bbox 420 3509 526 3572; x_wconf 89' lang='lat' dir='ltr'><strong>donec</strong></span> <span class='ocrx_word' id='word_1_208' title='bbox 545 3510 658 3572; x_wconf 92' lang='lat' dir='ltr'><strong>Rutuli</strong></span> <span class='ocrx_word' id='word_1_209' title='bbox 676 3508 849 3573; x_wconf 89' lang='lat' dir='ltr'><strong>clamantis</strong></span> <span class='ocrx_word' id='word_1_210' title='bbox 866 3508 899 3572; x_wconf 89' lang='lat' dir='ltr'><strong>in</strong></span> <span class='ocrx_word' id='word_1_211' title='bbox 916 3528 972 3571; x_wconf 89' lang='lat' dir='ltr'><strong>ore</strong></span> 
     </span>
     <span class='ocr_line' id='line_1_32' title="bbox 179 3611 1140 3690; baseline -0.003 -13"><span class='ocrx_word' id='word_1_212' title='bbox 179 3613 337 3677; x_wconf 86' lang='lat' dir='ltr'><strong>Condidit</strong></span> <span class='ocrx_word' id='word_1_213' title='bbox 353 3613 502 3690; x_wconf 88' lang='lat' dir='ltr'><strong>adverso,</strong></span> <span class='ocrx_word' id='word_1_214' title='bbox 520 3623 553 3676; x_wconf 93' lang='lat' dir='ltr'><strong>et</strong></span> <span class='ocrx_word' id='word_1_215' title='bbox 569 3616 713 3678; x_wconf 89' lang='lat' dir='ltr'><strong>moriens</strong></span> <span class='ocrx_word' id='word_1_216' title='bbox 729 3612 874 3678; x_wconf 89' lang='lat' dir='ltr'><strong>animam</strong></span> <span class='ocrx_word' id='word_1_217' title='bbox 891 3612 1027 3678; x_wconf 89' lang='lat' dir='ltr'><strong>abstulit</strong></span> <span class='ocrx_word' id='word_1_218' title='bbox 1044 3611 1140 3676; x_wconf 89' lang='lat' dir='ltr'><strong>hosti.</strong></span> 
     </span>
     <span class='ocr_line' id='line_1_33' title="bbox 179 3717 992 3801; baseline 0.001 -23"><span class='ocrx_word' id='word_1_219' title='bbox 179 3717 266 3779; x_wconf 92' lang='lat' dir='ltr'><strong>Tum</strong></span> <span class='ocrx_word' id='word_1_220' title='bbox 284 3737 386 3800; x_wconf 91' lang='lat' dir='ltr'><strong>super</strong></span> <span class='ocrx_word' id='word_1_221' title='bbox 400 3719 587 3780; x_wconf 87' lang='lat' dir='ltr'><strong>exanimum</strong></span> <span class='ocrx_word' id='word_1_222' title='bbox 605 3739 678 3782; x_wconf 89' lang='lat' dir='ltr'><strong>sese</strong></span> <span class='ocrx_word' id='word_1_223' title='bbox 696 3717 833 3801; x_wconf 89' lang='lat' dir='ltr'><strong>proiecit</strong></span> <span class='ocrx_word' id='word_1_224' title='bbox 850 3717 992 3780; x_wconf 89' lang='lat' dir='ltr'><strong>amicum</strong></span> 
     </span>
    </p>

    <p class='ocr_par' dir='ltr' id='par_1_13' title="bbox 99 3819 1074 3903">
     <span class='ocr_line' id='line_1_34' title="bbox 99 3819 1074 3903; baseline -0.006 -15"><span class='ocrx_word' id='word_1_225' title='bbox 99 3839 141 3893; x_wconf 81' lang='grc'><strong>445</strong></span> <span class='ocrx_word' id='word_1_226' title='bbox 182 3820 377 3896; x_wconf 72' lang='lat' dir='ltr'><strong>confossus,</strong></span> <span class='ocrx_word' id='word_1_227' title='bbox 395 3821 591 3903; x_wconf 91' lang='lat' dir='ltr'><strong>placidaque</strong></span> <span class='ocrx_word' id='word_1_228' title='bbox 607 3822 651 3885; x_wconf 92' lang='lat' dir='ltr'><strong>ibi</strong></span> <span class='ocrx_word' id='word_1_229' title='bbox 668 3822 802 3886; x_wconf 90' lang='lat' dir='ltr'><strong>demum</strong></span> <span class='ocrx_word' id='word_1_230' title='bbox 820 3831 924 3888; x_wconf 88' lang='lat' dir='ltr'><strong>morte</strong></span> <span class='ocrx_word' id='word_1_231' title='bbox 941 3819 1074 3901; x_wconf 87' lang='lat' dir='ltr'><strong>quievit.</strong></span> 
     </span>
    </p>
   </div>
   <div class='ocr_carea' id='block_1_3' title="bbox 0 0 1407 4286">
    <p class='ocr_par' dir='ltr' id='par_1_14' title="bbox 0 0 1407 4286">
     <span class='ocr_line' id='line_1_35' title="bbox 0 0 1407 4286; baseline 0 0"><span class='ocrx_word' id='word_1_232' title='bbox 0 0 1407 4286; x_wconf 95' lang='lat' dir='ltr'><strong> </strong></span> 
     </span>
    </p>
   </div>
  </div>
 </body>
</html>
