2822 4294
206 284 245 349 52
569 274 727 326 VERGlLl
754 273 952 325 AENElDOS

295 455 421 537 Ragius
437 463 543 518 accita
561 462 629 518 cari
645 453 803 534 genitinis
820 453 862 516 ad
878 453 993 516 urbem

292 559 464 625 Sidaniam
482 579 564 640 puer
580 568 627 620 ire
645 568 748 639 parat,
767 577 840 620 mea
857 557 998 619 maxima
1014 563 1102 632 cara,

293 665 391 727 Dana
408 663 519 725 ferens
539 663 659 744 pelago
674 672 707 725 et
725 661 866 724 flammis
882 661 1040 723 restantia
1056 660 1195 734 Traiae;

203 782 250 831 680
292 770 394 832 Hunc
411 788 474 848 ego
493 775 636 847 sopitum
655 773 773 828 somna
789 786 889 847 super
905 765 972 828 alta
987 765 1134 849 Cythera

291 874 362 936 Aut
379 893 478 954 super
497 857 640 933 idalium
659 876 789 932 sacrata
806 870 884 932 sade
902 869 1089 944 recondam,

292 979 345 1040 Ne
362 984 427 1058 qua
444 987 526 1038 scire
544 975 638 1037 dolas
656 975 826 1038 mediusve
844 995 1015 1039 occurrere
1032 973 1146 1056 possit.

290 1083 342 1144 Ta
361 1081 480 1144 faciem
498 1080 585 1142 illius
604 1089 736 1142 noctem
755 1087 820 1142 non
839 1080 981 1161 amplius
998 1086 1098 1140 anam

292 1186 385 1249 Falle
402 1184 487 1260 dola,
505 1194 538 1246 et
555 1193 652 1246 natos
671 1193 764 1264 pueri
782 1204 866 1266 puer
881 1183 981 1246 indue
997 1183 1118 1256 vultaS,

202 1303 248 1369 685
291 1292 348 1366 Ut,
367 1309 442 1352 cum
459 1295 492 1350 tc
509 1289 636 1370 gremio
654 1287 795 1370 accipiet
812 1288 992 1351 laetissima
1009 1286 1098 1349 Dida

293 1393 436 1475 Regales
452 1393 538 1455 inter
555 1399 688 1455 mensas
707 1392 904 1475 laticemque
922 1393 1081 1477 Lyaeum,

291 1499 376 1562 Cum
392 1497 483 1559 dabit
501 1497 674 1577 amplexus
691 1506 791 1578 atque
807 1497 921 1560 ascula
937 1496 1045 1559 dulcia
1062 1496 1155 1576 figet,

291 1602 468 1666 Occultum
486 1608 627 1682 inspiras
644 1610 757 1681 ignem
774 1601 937 1682 fallasque
953 1600 1113 1662 veneno.''

335 1707 431 1768 Paret
447 1705 555 1767 Amor
571 1705 668 1767 dictis
686 1712 784 1767 carae
801 1703 987 1786 genetricis
1005 1712 1039 1767 et
1055 1703 1125 1765 alas

202 1823 249 1886 690
292 1811 401 1884 Exuit,
419 1819 451 1872 et
469 1815 584 1889 gressa
604 1809 756 1889 gaudens
773 1809 895 1871 incedit
914 1809 986 1871 lali.

290 1915 338 1976 At
354 1914 470 1976 Venus
487 1913 637 1976 Ascania
654 1913 818 1994 placidam
836 1934 896 1996 per
912 1912 1061 1976 membra
1077 1913 1219 1994 quiatem

293 2018 429 2097 lnrigat,
448 2026 481 2079 et
498 2017 605 2078 fotum
622 2018 750 2098 gremia
766 2017 829 2078 dea
846 2017 930 2080 tollit
946 2018 978 2079 in
996 2017 1080 2078 altas

291 2107 418 2183 ldaliae
436 2122 537 2195 lacos
557 2121 613 2183 ubi
629 2121 737 2183 mollis
754 2128 927 2183 amaracus
944 2121 1034 2183 illum

245 2276 249 2286 .
292 2225 444 2287 Flaribus
462 2234 494 2287 et
512 2225 600 2287 dulci
617 2225 793 2306 adspirans
810 2225 1041 2307 complectitur
1057 2224 1183 2287 umbra.
1242 2279 1246 2287 .

202 2342 248 2407 ⁶95
337 2330 476 2410 Iamque
492 2329 562 2391 ibat
579 2328 668 2391 dicta
685 2337 806 2410 parans
822 2338 856 2391 et
872 2330 960 2391 dona
978 2328 1109 2410 Cupido

292 2433 399 2515 Regia
416 2433 570 2514 portabat
586 2433 706 2517 Tyriis
725 2434 809 2497 duce
826 2434 932 2496 laetus
949 2433 1088 2495 Achata.

291 2540 376 2603 Cum
393 2536 492 2612 venit,
512 2538 638 2599 aulaeis
656 2537 720 2599 iam
738 2545 773 2600 sa
790 2546 906 2618 regina
923 2537 1076 2618 superbis

290 2642 405 2706 Aurea
422 2641 607 2722 composuit
625 2642 754 2723 sponda
772 2643 982 2723 mediamque
999 2640 1136 2714 locavit;

292 2747 363 2808 lam
381 2755 476 2826 pater
494 2745 630 2807 Aeneas
647 2756 679 2808 et
695 2745 760 2808 iam
777 2746 922 2808 Traiana
938 2746 1092 2808 iuventas

203 2874 250 2922 700
290 2849 502 2914 Conveniunt
520 2855 689 2930 stratoque
707 2869 808 2930 snper
825 2849 1043 2912 discumbitur
1061 2855 1159 2911 ostra.

293 2954 384 3015 Dant
401 2952 554 3014 manibus
571 2953 688 3014 famuli
706 2954 871 3038 lymphas,
890 2954 1113 3035 Cereremque
1129 2953 1283 3014 canistris

292 3055 492 3136 Expediunt,
512 3063 682 3138 tonsisque
700 3059 812 3120 lerunt
829 3057 984 3119 mantelia
1001 3057 1094 3118 villis.

292 3158 542 3239 Quinquaginta
559 3161 648 3222 intus
666 3161 821 3236 famulae,
841 3161 960 3244 quibus
977 3159 1093 3222 ardine
1110 3160 1213 3240 longo

292 3261 380 3324 Cura
397 3281 519 3342 penum
539 3273 673 3338 struere,
693 3276 725 3327 et
743 3265 884 3328 flammis
902 3265 1034 3327 adolare
1052 3264 1210 3339 Penates3

204 3388 250 3440 705
293 3365 434 3428 Centum
453 3367 536 3429 aliae
554 3367 758 3451 totidemque
777 3377 874 3450 pares
892 3377 1001 3432 aetate
1018 3369 1168 3440 ministri,

293 3467 359 3547 Qui
376 3467 516 3548 dapibus
535 3479 667 3534 mensas
684 3483 824 3535 onerent
839 3483 873 3536 et
890 3474 1009 3555 pocula
1027 3479 1161 3554 panant.

294 3571 367 3631 Nec
385 3579 449 3631 nan
468 3582 501 3633 et
517 3573 610 3656 Tyrii
626 3595 685 3654 per
701 3575 815 3637 limina
830 3576 918 3638 laeta
935 3578 1127 3658 frequentas

295 3671 502 3746 Convenere,
520 3683 600 3736 toris
617 3675 697 3738 iussi
713 3678 920 3742 discumbere
939 3690 1045 3761 pictis.

297 3771 460 3833 Mirantur
477 3776 564 3835 dana
580 3776 727 3853 Aeneae,
745 3790 905 3843 mirantur
922 3783 1031 3845 lulum
1067 3847 1072 3855 ,
