<?xml version="1.0" encoding="UTF-8"?>
<!DOCTYPE html PUBLIC "-//W3C//DTD XHTML 1.0 Transitional//EN"
    "http://www.w3.org/TR/xhtml1/DTD/xhtml1-transitional.dtd">
<html xmlns="http://www.w3.org/1999/xhtml" xml:lang="en" lang="en">
 <head>
  <title>
</title>
<meta http-equiv="Content-Type" content="text/html;charset=utf-8" />
  <meta name='ocr-system' content='tesseract 3.04.00' />
  <meta name='ocr-capabilities' content='ocr_page ocr_carea ocr_par ocr_line ocrx_word'/>
</head>
<body>
  <div class='ocr_page' id='page_1' title='image "./virgilsaeneidbo00denngoog_0301.png"; bbox 0 0 2816 4282; ppageno 0'>
   <div class='ocr_carea' id='block_1_1' title="bbox 564 299 947 352">
    <p class='ocr_par' dir='ltr' id='par_1_1' title="bbox 564 299 947 352">
     <span class='ocr_line' id='line_1_1' title="bbox 564 299 947 352; baseline 0.003 -1"><span class='ocrx_word' id='word_1_1' title='bbox 564 299 721 351; x_wconf 88' lang='lat' dir='ltr'><strong>VERGlLl</strong></span> <span class='ocrx_word' id='word_1_2' title='bbox 749 299 947 352; x_wconf 89' lang='lat' dir='ltr'><strong>AENEIDOS</strong></span> 
     </span>
    </p>
   </div>
   <div class='ocr_carea' id='block_1_2' title="bbox 205 477 1329 3592">
    <p class='ocr_par' dir='ltr' id='par_1_2' title="bbox 205 477 1329 3592">
     <span class='ocr_line' id='line_1_2' title="bbox 335 477 1202 560; baseline 0 -20"><span class='ocrx_word' id='word_1_3' title='bbox 335 477 510 559; x_wconf 89' lang='lat' dir='ltr'><strong>Adgnovit</strong></span> <span class='ocrx_word' id='word_1_4' title='bbox 527 478 626 558; x_wconf 89' lang='lat' dir='ltr'><strong>longe</strong></span> <span class='ocrx_word' id='word_1_5' title='bbox 644 477 804 558; x_wconf 84' lang='lat' dir='ltr'>gemitum</span> <span class='ocrx_word' id='word_1_6' title='bbox 823 499 987 560; x_wconf 88' lang='lat' dir='ltr'><strong>praesaga</strong></span> <span class='ocrx_word' id='word_1_7' title='bbox 1003 478 1083 541; x_wconf 89' lang='lat' dir='ltr'><strong>mali</strong></span> <span class='ocrx_word' id='word_1_8' title='bbox 1099 498 1202 541; x_wconf 89' lang='lat' dir='ltr'><strong>mens.</strong></span> 
     </span>
     <span class='ocr_line' id='line_1_3' title="bbox 293 581 1108 662; baseline -0.004 -15"><span class='ocrx_word' id='word_1_9' title='bbox 293 582 455 647; x_wconf 81' lang='lat' dir='ltr'>Canitiem</span> <span class='ocrx_word' id='word_1_10' title='bbox 474 581 577 643; x_wconf 94' lang='lat' dir='ltr'><strong>multo</strong></span> <span class='ocrx_word' id='word_1_11' title='bbox 594 581 760 643; x_wconf 76' lang='lat' dir='ltr'>deformat</span> <span class='ocrx_word' id='word_1_12' title='bbox 778 582 923 662; x_wconf 90' lang='lat' dir='ltr'><strong>pulvere,</strong></span> <span class='ocrx_word' id='word_1_13' title='bbox 941 593 974 645; x_wconf 93' lang='lat' dir='ltr'><strong>et</strong></span> <span class='ocrx_word' id='word_1_14' title='bbox 991 582 1108 644; x_wconf 89' lang='lat' dir='ltr'><strong>ambas</strong></span> 
     </span>
     <span class='ocr_line' id='line_1_4' title="bbox 205 685 1156 766; baseline 0 -18"><span class='ocrx_word' id='word_1_15' title='bbox 205 699 251 763; x_wconf 86' lang='lat'><strong>845</strong></span> <span class='ocrx_word' id='word_1_16' title='bbox 296 687 350 748; x_wconf 95' lang='lat' dir='ltr'><strong>Ad</strong></span> <span class='ocrx_word' id='word_1_17' title='bbox 368 686 496 748; x_wconf 92' lang='lat' dir='ltr'><strong>caelum</strong></span> <span class='ocrx_word' id='word_1_18' title='bbox 513 685 618 746; x_wconf 90' lang='lat' dir='ltr'><strong>tendit</strong></span> <span class='ocrx_word' id='word_1_19' title='bbox 635 685 771 766; x_wconf 76' lang='lat' dir='ltr'><strong>palmas</strong></span> <span class='ocrx_word' id='word_1_20' title='bbox 791 695 823 747; x_wconf 94' lang='lat' dir='ltr'><strong>et</strong></span> <span class='ocrx_word' id='word_1_21' title='bbox 839 706 977 766; x_wconf 90' lang='lat' dir='ltr'><strong>corpore</strong></span> <span class='ocrx_word' id='word_1_22' title='bbox 995 686 1156 748; x_wconf 85' lang='lat' dir='ltr'><strong>inhaeret.</strong></span> 
     </span>
     <span class='ocr_line' id='line_1_5' title="bbox 294 788 1113 870; baseline 0 -19"><span class='ocrx_word' id='word_1_23' title='bbox 294 792 475 852; x_wconf 85' lang='lat' dir='ltr'><strong>“Tantane</strong></span> <span class='ocrx_word' id='word_1_24' title='bbox 492 809 544 850; x_wconf 93' lang='lat' dir='ltr'><strong>me</strong></span> <span class='ocrx_word' id='word_1_25' title='bbox 561 788 667 851; x_wconf 91' lang='lat' dir='ltr'><strong>tenuit</strong></span> <span class='ocrx_word' id='word_1_26' title='bbox 682 788 824 864; x_wconf 89' lang='lat' dir='ltr'><strong>vivendi,</strong></span> <span class='ocrx_word' id='word_1_27' title='bbox 843 799 929 864; x_wconf 92' lang='lat' dir='ltr'><strong>nate,</strong></span> <span class='ocrx_word' id='word_1_28' title='bbox 948 791 1113 870; x_wconf 90' lang='lat' dir='ltr'><strong>voluptas,</strong></span> 
     </span>
     <span class='ocr_line' id='line_1_6' title="bbox 293 886 1122 975; baseline -0.004 -16"><span class='ocrx_word' id='word_1_29' title='bbox 293 896 341 959; x_wconf 93' lang='lat' dir='ltr'><strong>Ut</strong></span> <span class='ocrx_word' id='word_1_30' title='bbox 357 914 417 975; x_wconf 92' lang='lat' dir='ltr'><strong>pro</strong></span> <span class='ocrx_word' id='word_1_31' title='bbox 434 913 487 954; x_wconf 92' lang='lat' dir='ltr'><strong>me</strong></span> <span class='ocrx_word' id='word_1_32' title='bbox 504 892 615 954; x_wconf 91' lang='lat' dir='ltr'><strong>hostili</strong></span> <span class='ocrx_word' id='word_1_33' title='bbox 633 886 764 973; x_wconf 85' lang='lat' dir='ltr'><strong>paterer</strong></span> <span class='ocrx_word' id='word_1_34' title='bbox 781 894 959 956; x_wconf 83' lang='lat' dir='ltr'><strong>succedere</strong></span> <span class='ocrx_word' id='word_1_35' title='bbox 976 895 1122 969; x_wconf 83' lang='lat' dir='ltr'><strong>dextrae,</strong></span> 
     </span>
     <span class='ocr_line' id='line_1_7' title="bbox 294 996 1309 1080; baseline -0.002 -21"><span class='ocrx_word' id='word_1_36' title='bbox 294 999 402 1080; x_wconf 83' lang='lat' dir='ltr'><strong>Quem</strong></span> <span class='ocrx_word' id='word_1_37' title='bbox 420 996 542 1078; x_wconf 85' lang='lat' dir='ltr'><strong>genui?</strong></span> <span class='ocrx_word' id='word_1_38' title='bbox 577 997 693 1058; x_wconf 83' lang='lat' dir='ltr'><strong>Tuane</strong></span> <span class='ocrx_word' id='word_1_39' title='bbox 711 997 793 1060; x_wconf 91' lang='lat' dir='ltr'><strong>haec</strong></span> <span class='ocrx_word' id='word_1_40' title='bbox 811 996 940 1077; x_wconf 84' lang='lat' dir='ltr'><strong>genitor</strong></span> <span class='ocrx_word' id='word_1_41' title='bbox 957 1018 1016 1080; x_wconf 94' lang='lat' dir='ltr'><strong>per</strong></span> <span class='ocrx_word' id='word_1_42' title='bbox 1031 999 1173 1060; x_wconf 93' lang='lat' dir='ltr'><strong>vulnera</strong></span> <span class='ocrx_word' id='word_1_43' title='bbox 1190 1017 1309 1070; x_wconf 91' lang='lat' dir='ltr'><strong>servor,</strong></span> 
     </span>
     <span class='ocr_line' id='line_1_8' title="bbox 295 1100 1257 1175; baseline -0.001 -11"><span class='ocrx_word' id='word_1_44' title='bbox 295 1103 402 1164; x_wconf 89' lang='lat' dir='ltr'><strong>Morte</strong></span> <span class='ocrx_word' id='word_1_45' title='bbox 419 1110 476 1162; x_wconf 92' lang='lat' dir='ltr'><strong>tua</strong></span> <span class='ocrx_word' id='word_1_46' title='bbox 492 1100 629 1163; x_wconf 89' lang='lat' dir='ltr'><strong>vivens?</strong></span> <span class='ocrx_word' id='word_1_47' title='bbox 678 1101 764 1175; x_wconf 86' lang='lat' dir='ltr'><strong>Heu,</strong></span> <span class='ocrx_word' id='word_1_48' title='bbox 784 1121 872 1164; x_wconf 91' lang='lat' dir='ltr'><strong>nunc</strong></span> <span class='ocrx_word' id='word_1_49' title='bbox 888 1101 1009 1165; x_wconf 89' lang='lat' dir='ltr'><strong>misero</strong></span> <span class='ocrx_word' id='word_1_50' title='bbox 1026 1103 1108 1164; x_wconf 93' lang='lat' dir='ltr'><strong>mihi</strong></span> <span class='ocrx_word' id='word_1_51' title='bbox 1125 1103 1257 1164; x_wconf 90' lang='lat' dir='ltr'><strong>demum</strong></span> 
     </span>
     <span class='ocr_line' id='line_1_9' title="bbox 205 1204 1117 1284; baseline 0 -16"><span class='ocrx_word' id='word_1_52' title='bbox 205 1218 254 1284; x_wconf 92' lang='grc' dir='ltr'><strong>85ο</strong></span> <span class='ocrx_word' id='word_1_53' title='bbox 297 1205 455 1268; x_wconf 85' lang='lat' dir='ltr'>Exsilium</span> <span class='ocrx_word' id='word_1_54' title='bbox 473 1204 596 1280; x_wconf 82' lang='lat' dir='ltr'><strong>infelix,</strong></span> <span class='ocrx_word' id='word_1_55' title='bbox 615 1225 703 1266; x_wconf 91' lang='lat' dir='ltr'><strong>nunc</strong></span> <span class='ocrx_word' id='word_1_56' title='bbox 722 1205 787 1267; x_wconf 91' lang='lat' dir='ltr'><strong>alte</strong></span> <span class='ocrx_word' id='word_1_57' title='bbox 804 1206 925 1268; x_wconf 93' lang='lat' dir='ltr'><strong>vulnus</strong></span> <span class='ocrx_word' id='word_1_58' title='bbox 942 1207 1117 1270; x_wconf 89' lang='lat' dir='ltr'><strong>adactum!</strong></span> 
     </span>
     <span class='ocr_line' id='line_1_10' title="bbox 295 1310 1180 1393; baseline 0.001 -21"><span class='ocrx_word' id='word_1_59' title='bbox 295 1312 388 1374; x_wconf 92' lang='lat' dir='ltr'><strong>Idem</strong></span> <span class='ocrx_word' id='word_1_60' title='bbox 405 1332 477 1393; x_wconf 87' lang='lat' dir='ltr'><strong>ego,</strong></span> <span class='ocrx_word' id='word_1_61' title='bbox 496 1320 582 1385; x_wconf 88' lang='lat' dir='ltr'><strong>nate,</strong></span> <span class='ocrx_word' id='word_1_62' title='bbox 600 1319 692 1370; x_wconf 92' lang='lat' dir='ltr'><strong>tuum</strong></span> <span class='ocrx_word' id='word_1_63' title='bbox 711 1310 875 1372; x_wconf 83' lang='lat' dir='ltr'>maculavi</span> <span class='ocrx_word' id='word_1_64' title='bbox 891 1311 1026 1374; x_wconf 90' lang='lat' dir='ltr'><strong>crimine</strong></span> <span class='ocrx_word' id='word_1_65' title='bbox 1043 1330 1180 1386; x_wconf 92' lang='lat' dir='ltr'><strong>nomen,</strong></span> 
     </span>
     <span class='ocr_line' id='line_1_11' title="bbox 296 1414 1143 1497; baseline -0.001 -19"><span class='ocrx_word' id='word_1_66' title='bbox 296 1417 414 1479; x_wconf 91' lang='lat' dir='ltr'><strong>Pulsus</strong></span> <span class='ocrx_word' id='word_1_67' title='bbox 430 1415 472 1478; x_wconf 91' lang='lat' dir='ltr'><strong>ob</strong></span> <span class='ocrx_word' id='word_1_68' title='bbox 487 1414 645 1477; x_wconf 92' lang='lat' dir='ltr'><strong>invidiam</strong></span> <span class='ocrx_word' id='word_1_69' title='bbox 663 1414 744 1476; x_wconf 92' lang='lat' dir='ltr'><strong>solio</strong></span> <span class='ocrx_word' id='word_1_70' title='bbox 762 1415 967 1496; x_wconf 83' lang='lat' dir='ltr'><strong>sceptrisque</strong></span> <span class='ocrx_word' id='word_1_71' title='bbox 984 1415 1143 1497; x_wconf 79' lang='lat' dir='ltr'><strong>paternis</strong></span> 
     </span>
     <span class='ocr_line' id='line_1_12' title="bbox 296 1519 1126 1602; baseline -0.008 -16"><span class='ocrx_word' id='word_1_72' title='bbox 296 1523 486 1586; x_wconf 89' lang='lat' dir='ltr'><strong>Debueram</strong></span> <span class='ocrx_word' id='word_1_73' title='bbox 504 1522 630 1602; x_wconf 86' lang='lat' dir='ltr'><strong>patriae</strong></span> <span class='ocrx_word' id='word_1_74' title='bbox 647 1541 773 1602; x_wconf 89' lang='lat' dir='ltr'><strong>poenas</strong></span> <span class='ocrx_word' id='word_1_75' title='bbox 791 1519 940 1600; x_wconf 91' lang='lat' dir='ltr'><strong>odiisque</strong></span> <span class='ocrx_word' id='word_1_76' title='bbox 957 1539 1126 1581; x_wconf 88' lang='lat' dir='ltr'><strong>meorum:</strong></span> 
     </span>
     <span class='ocr_line' id='line_1_13' title="bbox 295 1622 1239 1707; baseline -0.007 -16"><span class='ocrx_word' id='word_1_77' title='bbox 295 1628 428 1692; x_wconf 89' lang='lat' dir='ltr'><strong>Omnes&#39;</strong></span> <span class='ocrx_word' id='word_1_78' title='bbox 441 1646 499 1707; x_wconf 93' lang='lat' dir='ltr'><strong>per</strong></span> <span class='ocrx_word' id='word_1_79' title='bbox 515 1636 637 1688; x_wconf 91' lang='lat' dir='ltr'><strong>mortes</strong></span> <span class='ocrx_word' id='word_1_80' title='bbox 655 1625 798 1687; x_wconf 90' lang='lat' dir='ltr'><strong>animam</strong></span> <span class='ocrx_word' id='word_1_81' title='bbox 816 1634 946 1686; x_wconf 88' lang='lat' dir='ltr'><strong>sontem</strong></span> <span class='ocrx_word' id='word_1_82' title='bbox 963 1623 1034 1704; x_wconf 91' lang='lat' dir='ltr'><strong>ipse</strong></span> <span class='ocrx_word' id='word_1_83' title='bbox 1050 1622 1239 1685; x_wconf 87' lang='lat' dir='ltr'><strong>dedissem!</strong></span> 
     </span>
     <span class='ocr_line' id='line_1_14' title="bbox 207 1727 1286 1811; baseline -0.009 -15"><span class='ocrx_word' id='word_1_84' title='bbox 207 1743 253 1811; x_wconf 84' lang='lat'><strong>855</strong></span> <span class='ocrx_word' id='word_1_85' title='bbox 298 1735 396 1796; x_wconf 90' lang='lat' dir='ltr'><strong>Nunc</strong></span> <span class='ocrx_word' id='word_1_86' title='bbox 413 1733 496 1804; x_wconf 73' lang='lat' dir='ltr'><strong>vivo</strong></span> <span class='ocrx_word' id='word_1_87' title='bbox 515 1751 622 1811; x_wconf 91' lang='lat' dir='ltr'><strong>neque</strong></span> <span class='ocrx_word' id='word_1_88' title='bbox 640 1731 748 1792; x_wconf 93' lang='lat' dir='ltr'><strong>adhuc</strong></span> <span class='ocrx_word' id='word_1_89' title='bbox 769 1729 920 1790; x_wconf 93' lang='lat' dir='ltr'><strong>homines</strong></span> <span class='ocrx_word' id='word_1_90' title='bbox 936 1728 1111 1808; x_wconf 90' lang='lat' dir='ltr'><strong>lucemque</strong></span> <span class='ocrx_word' id='word_1_91' title='bbox 1127 1727 1286 1809; x_wconf 84' lang='lat' dir='ltr'><strong>relinquo</strong></span> 
     </span>
     <span class='ocr_line' id='line_1_15' title="bbox 296 1831 1329 1918; baseline -0.01 -17"><span class='ocrx_word' id='word_1_92' title='bbox 296 1838 362 1901; x_wconf 85' lang='lat' dir='ltr'><strong>Sed</strong></span> <span class='ocrx_word' id='word_1_93' title='bbox 380 1836 557 1918; x_wconf 84' lang='lat' dir='ltr'><strong>linquam.&#39;&#39;</strong></span> <span class='ocrx_word' id='word_1_94' title='bbox 606 1835 712 1899; x_wconf 90' lang='lat' dir='ltr'><strong>Simul</strong></span> <span class='ocrx_word' id='word_1_95' title='bbox 729 1835 791 1895; x_wconf 94' lang='lat' dir='ltr'><strong>hoc</strong></span> <span class='ocrx_word' id='word_1_96' title='bbox 809 1833 923 1894; x_wconf 91' lang='lat' dir='ltr'><strong>dicens</strong></span> <span class='ocrx_word' id='word_1_97' title='bbox 940 1833 1058 1894; x_wconf 92' lang='lat' dir='ltr'><strong>attollit</strong></span> <span class='ocrx_word' id='word_1_98' title='bbox 1074 1831 1106 1893; x_wconf 94' lang='lat' dir='ltr'><strong>in</strong></span> <span class='ocrx_word' id='word_1_99' title='bbox 1126 1850 1263 1911; x_wconf 87' lang='lat' dir='ltr'><strong>aegrum</strong></span> <span class='ocrx_word' id='word_1_100' title='bbox 1324 1909 1329 1916; x_wconf 23' lang='grc' dir='ltr'>ι</span> 
     </span>
     <span class='ocr_line' id='line_1_16' title="bbox 297 1936 1197 2025; baseline -0.013 -17"><span class='ocrx_word' id='word_1_101' title='bbox 297 1945 339 2008; x_wconf 89' lang='lat' dir='ltr'><strong>Se</strong></span> <span class='ocrx_word' id='word_1_102' title='bbox 357 1945 473 2018; x_wconf 88' lang='lat' dir='ltr'><strong>femur,</strong></span> <span class='ocrx_word' id='word_1_103' title='bbox 492 1953 533 2019; x_wconf 91' lang='lat' dir='ltr'><strong>et,</strong></span> <span class='ocrx_word' id='word_1_104' title='bbox 552 1962 753 2025; x_wconf 89' lang='lat' dir='ltr'><strong>quamquam</strong></span> <span class='ocrx_word' id='word_1_105' title='bbox 771 1939 822 2001; x_wconf 91' lang='lat' dir='ltr'><strong>vis</strong></span> <span class='ocrx_word' id='word_1_106' title='bbox 840 1939 905 2000; x_wconf 89' lang='lat' dir='ltr'><strong>alto</strong></span> <span class='ocrx_word' id='word_1_107' title='bbox 921 1937 1057 1998; x_wconf 91' lang='lat' dir='ltr'><strong>vulnere</strong></span> <span class='ocrx_word' id='word_1_108' title='bbox 1074 1936 1197 2010; x_wconf 91' lang='lat' dir='ltr'><strong>tardat,</strong></span> 
     </span>
     <span class='ocr_line' id='line_1_17' title="bbox 298 2039 1229 2129; baseline -0.012 -18"><span class='ocrx_word' id='word_1_109' title='bbox 298 2050 398 2111; x_wconf 92' lang='lat' dir='ltr'><strong>Haud</strong></span> <span class='ocrx_word' id='word_1_110' title='bbox 416 2050 564 2112; x_wconf 91' lang='lat' dir='ltr'><strong>deiectus</strong></span> <span class='ocrx_word' id='word_1_111' title='bbox 580 2067 703 2129; x_wconf 92' lang='lat' dir='ltr'><strong>equum</strong></span> <span class='ocrx_word' id='word_1_112' title='bbox 721 2045 796 2108; x_wconf 92' lang='lat' dir='ltr'><strong>duci</strong></span> <span class='ocrx_word' id='word_1_113' title='bbox 813 2043 912 2105; x_wconf 90' lang='lat' dir='ltr'><strong>iubet.</strong></span> <span class='ocrx_word' id='word_1_114' title='bbox 962 2041 1037 2103; x_wconf 92' lang='lat' dir='ltr'><strong>Hoc</strong></span> <span class='ocrx_word' id='word_1_115' title='bbox 1053 2040 1157 2101; x_wconf 91' lang='lat' dir='ltr'><strong>decus</strong></span> <span class='ocrx_word' id='word_1_116' title='bbox 1175 2039 1229 2113; x_wconf 94' lang='lat' dir='ltr'><strong>illi,</strong></span> 
     </span>
     <span class='ocr_line' id='line_1_18' title="bbox 298 2143 1090 2228; baseline -0.015 -12"><span class='ocrx_word' id='word_1_117' title='bbox 298 2155 373 2216; x_wconf 91' lang='lat' dir='ltr'><strong>Hoc</strong></span> <span class='ocrx_word' id='word_1_118' title='bbox 391 2154 538 2216; x_wconf 91' lang='lat' dir='ltr'><strong>solamen</strong></span> <span class='ocrx_word' id='word_1_119' title='bbox 556 2163 644 2228; x_wconf 89' lang='lat' dir='ltr'><strong>erat;</strong></span> <span class='ocrx_word' id='word_1_120' title='bbox 670 2150 765 2214; x_wconf 88' lang='lat' dir='ltr'><strong>bellis</strong></span> <span class='ocrx_word' id='word_1_121' title='bbox 781 2150 844 2212; x_wconf 92' lang='lat' dir='ltr'><strong>hoc</strong></span> <span class='ocrx_word' id='word_1_122' title='bbox 860 2149 964 2209; x_wconf 94' lang='lat' dir='ltr'><strong>victor</strong></span> <span class='ocrx_word' id='word_1_123' title='bbox 980 2143 1090 2206; x_wconf 90' lang='lat' dir='ltr'><strong>abibat</strong></span> 
     </span>
     <span class='ocr_line' id='line_1_19' title="bbox 208 2247 1250 2339; baseline -0.012 -19"><span class='ocrx_word' id='word_1_124' title='bbox 208 2271 255 2320; x_wconf 81' lang='lat'><strong>860</strong></span> <span class='ocrx_word' id='word_1_125' title='bbox 297 2259 471 2322; x_wconf 89' lang='lat' dir='ltr'><strong>Omnibus.</strong></span> <span class='ocrx_word' id='word_1_126' title='bbox 519 2256 722 2339; x_wconf 87' lang='lat' dir='ltr'><strong>Adloquitur</strong></span> <span class='ocrx_word' id='word_1_127' title='bbox 741 2261 953 2325; x_wconf 88' lang='lat' dir='ltr'><strong>maerentem,</strong></span> <span class='ocrx_word' id='word_1_128' title='bbox 971 2259 1004 2311; x_wconf 91' lang='lat' dir='ltr'><strong>et</strong></span> <span class='ocrx_word' id='word_1_129' title='bbox 1019 2247 1141 2310; x_wconf 91' lang='lat' dir='ltr'><strong>talibus</strong></span> <span class='ocrx_word' id='word_1_130' title='bbox 1158 2247 1250 2309; x_wconf 86' lang='lat' dir='ltr'><strong>infit:</strong></span> 
     </span>
     <span class='ocr_line' id='line_1_20' title="bbox 298 2351 1204 2440; baseline -0.013 -15"><span class='ocrx_word' id='word_1_131' title='bbox 298 2368 315 2393; x_wconf 81' lang='lat'><strong>‘¹</strong></span> <span class='ocrx_word' id='word_1_132' title='bbox 330 2363 476 2437; x_wconf 88' lang='lat' dir='ltr'><strong>Rhaebe,</strong></span> <span class='ocrx_word' id='word_1_133' title='bbox 495 2363 560 2437; x_wconf 90' lang='lat' dir='ltr'><strong>diu,</strong></span> <span class='ocrx_word' id='word_1_134' title='bbox 578 2381 631 2422; x_wconf 93' lang='lat' dir='ltr'><strong>res</strong></span> <span class='ocrx_word' id='word_1_135' title='bbox 649 2359 676 2422; x_wconf 92' lang='lat' dir='ltr'><strong>si</strong></span> <span class='ocrx_word' id='word_1_136' title='bbox 693 2379 758 2440; x_wconf 92' lang='lat' dir='ltr'><strong>qua</strong></span> <span class='ocrx_word' id='word_1_137' title='bbox 775 2357 831 2419; x_wconf 92' lang='lat' dir='ltr'><strong>diu</strong></span> <span class='ocrx_word' id='word_1_138' title='bbox 848 2353 1041 2417; x_wconf 85' lang='lat' dir='ltr'><strong>mortalibus</strong></span> <span class='ocrx_word' id='word_1_139' title='bbox 1057 2351 1125 2413; x_wconf 91' lang='lat' dir='ltr'><strong>ulla</strong></span> <span class='ocrx_word' id='word_1_140' title='bbox 1142 2361 1204 2426; x_wconf 90' lang='lat' dir='ltr'><strong>est,</strong></span> 
     </span>
     <span class='ocr_line' id='line_1_21' title="bbox 297 2457 1161 2540; baseline -0.017 -10"><span class='ocrx_word' id='word_1_141' title='bbox 297 2467 457 2530; x_wconf 87' lang='lat' dir='ltr'><strong>Viximus.</strong></span> <span class='ocrx_word' id='word_1_142' title='bbox 505 2467 577 2528; x_wconf 93' lang='lat' dir='ltr'><strong>Aut</strong></span> <span class='ocrx_word' id='word_1_143' title='bbox 593 2465 691 2526; x_wconf 92' lang='lat' dir='ltr'><strong>hodie</strong></span> <span class='ocrx_word' id='word_1_144' title='bbox 708 2464 813 2524; x_wconf 94' lang='lat' dir='ltr'><strong>victor</strong></span> <span class='ocrx_word' id='word_1_145' title='bbox 830 2459 936 2540; x_wconf 89' lang='lat' dir='ltr'><strong>spolia</strong></span> <span class='ocrx_word' id='word_1_146' title='bbox 952 2457 1007 2520; x_wconf 93' lang='lat' dir='ltr'><strong>illa</strong></span> <span class='ocrx_word' id='word_1_147' title='bbox 1023 2464 1161 2518; x_wconf 90' lang='lat' dir='ltr'><strong>cruenta</strong></span> 
     </span>
     <span class='ocr_line' id='line_1_22' title="bbox 299 2560 1123 2652; baseline -0.018 -17"><span class='ocrx_word' id='word_1_148' title='bbox 299 2573 342 2634; x_wconf 92' lang='lat' dir='ltr'><strong>Et</strong></span> <span class='ocrx_word' id='word_1_149' title='bbox 359 2582 459 2652; x_wconf 89' lang='lat' dir='ltr'><strong>caput</strong></span> <span class='ocrx_word' id='word_1_150' title='bbox 477 2572 616 2633; x_wconf 89' lang='lat' dir='ltr'><strong>Aeneae</strong></span> <span class='ocrx_word' id='word_1_151' title='bbox 633 2569 768 2642; x_wconf 74' lang='lat' dir='ltr'><strong>referes</strong></span> <span class='ocrx_word' id='word_1_152' title='bbox 790 2563 956 2644; x_wconf 91' lang='lat' dir='ltr'><strong>Lausique</strong></span> <span class='ocrx_word' id='word_1_153' title='bbox 972 2560 1123 2623; x_wconf 92' lang='lat' dir='ltr'><strong>dolorum</strong></span> 
     </span>
     <span class='ocr_line' id='line_1_23' title="bbox 298 2664 1269 2750; baseline -0.021 -9"><span class='ocrx_word' id='word_1_154' title='bbox 298 2678 396 2742; x_wconf 94' lang='lat' dir='ltr'><strong>Ultor</strong></span> <span class='ocrx_word' id='word_1_155' title='bbox 413 2676 477 2739; x_wconf 90' lang='lat' dir='ltr'><strong>eris</strong></span> <span class='ocrx_word' id='word_1_156' title='bbox 495 2695 643 2750; x_wconf 88' lang='lat' dir='ltr'><strong>mecum;</strong></span> <span class='ocrx_word' id='word_1_157' title='bbox 669 2682 734 2746; x_wconf 92' lang='lat' dir='ltr'><strong>aut,</strong></span> <span class='ocrx_word' id='word_1_158' title='bbox 755 2671 861 2750; x_wconf 91' lang='lat' dir='ltr'><strong>aperit</strong></span> <span class='ocrx_word' id='word_1_159' title='bbox 877 2669 905 2730; x_wconf 92' lang='lat' dir='ltr'><strong>si</strong></span> <span class='ocrx_word' id='word_1_160' title='bbox 920 2666 1011 2728; x_wconf 91' lang='lat' dir='ltr'><strong>nulla</strong></span> <span class='ocrx_word' id='word_1_161' title='bbox 1026 2666 1114 2726; x_wconf 87' lang='lat' dir='ltr'><strong>viam</strong></span> <span class='ocrx_word' id='word_1_162' title='bbox 1131 2664 1192 2737; x_wconf 91' lang='lat' dir='ltr'><strong>vis,</strong></span> <span class='ocrx_word' id='word_1_163' title='bbox 1264 2694 1269 2702; x_wconf 89' lang='lat'><strong>·</strong></span> 
     </span>
     <span class='ocr_line' id='line_1_24' title="bbox 211 2767 1238 2861; baseline -0.02 -14"><span class='ocrx_word' id='word_1_164' title='bbox 211 2792 257 2856; x_wconf 85' lang='lat'><strong>865</strong></span> <span class='ocrx_word' id='word_1_165' title='bbox 301 2781 491 2845; x_wconf 90' lang='lat' dir='ltr'><strong>Occumbes</strong></span> <span class='ocrx_word' id='word_1_166' title='bbox 509 2779 648 2861; x_wconf 91' lang='lat' dir='ltr'><strong>pariter;</strong></span> <span class='ocrx_word' id='word_1_167' title='bbox 677 2775 900 2858; x_wconf 89' lang='lat' dir='ltr'><strong>nequeenim,</strong></span> <span class='ocrx_word' id='word_1_168' title='bbox 918 2769 1107 2842; x_wconf 82' lang='lat' dir='ltr'><strong>fortissime,</strong></span> <span class='ocrx_word' id='word_1_169' title='bbox 1125 2767 1238 2840; x_wconf 90' lang='lat' dir='ltr'><strong>credo,</strong></span> 
     </span>
     <span class='ocr_line' id='line_1_25' title="bbox 300 2870 1215 2965; baseline -0.019 -17"><span class='ocrx_word' id='word_1_170' title='bbox 300 2887 396 2948; x_wconf 88' lang='lat' dir='ltr'><strong>Iussa</strong></span> <span class='ocrx_word' id='word_1_171' title='bbox 413 2885 521 2947; x_wconf 93' lang='lat' dir='ltr'><strong>aliena</strong></span> <span class='ocrx_word' id='word_1_172' title='bbox 538 2883 606 2965; x_wconf 93' lang='lat' dir='ltr'><strong>pati</strong></span> <span class='ocrx_word' id='word_1_173' title='bbox 623 2892 655 2945; x_wconf 91' lang='lat' dir='ltr'><strong>et</strong></span> <span class='ocrx_word' id='word_1_174' title='bbox 667 2880 819 2944; x_wconf 92' lang='lat' dir='ltr'><strong>dominos</strong></span> <span class='ocrx_word' id='word_1_175' title='bbox 837 2874 1018 2956; x_wconf 85' lang='lat' dir='ltr'><strong>dignabere</strong></span> <span class='ocrx_word' id='word_1_176' title='bbox 1034 2870 1215 2934; x_wconf 80' lang='lat' dir='ltr'><strong>Teucros”</strong></span> 
     </span>
     <span class='ocr_line' id='line_1_26' title="bbox 344 2977 1094 3068; baseline -0.017 -17"><span class='ocrx_word' id='word_1_177' title='bbox 344 2989 445 3065; x_wconf 89' lang='lat' dir='ltr'><strong>Dixit,</strong></span> <span class='ocrx_word' id='word_1_178' title='bbox 463 2999 496 3052; x_wconf 91' lang='lat' dir='ltr'><strong>et</strong></span> <span class='ocrx_word' id='word_1_179' title='bbox 512 2997 670 3068; x_wconf 88' lang='lat' dir='ltr'><strong>exceptus</strong></span> <span class='ocrx_word' id='word_1_180' title='bbox 687 2996 782 3064; x_wconf 88' lang='lat' dir='ltr'><strong>tergo</strong></span> <span class='ocrx_word' id='word_1_181' title='bbox 800 2990 959 3045; x_wconf 88' lang='lat' dir='ltr'><strong>consueta</strong></span> <span class='ocrx_word' id='word_1_182' title='bbox 975 2977 1094 3040; x_wconf 91' lang='lat' dir='ltr'><strong>locavit</strong></span> 
     </span>
     <span class='ocr_line' id='line_1_27' title="bbox 301 3078 1232 3174; baseline -0.016 -17"><span class='ocrx_word' id='word_1_183' title='bbox 301 3094 464 3169; x_wconf 85' lang='lat' dir='ltr'><strong>Membra,</strong></span> <span class='ocrx_word' id='word_1_184' title='bbox 483 3111 667 3174; x_wconf 88' lang='lat' dir='ltr'><strong>manusque</strong></span> <span class='ocrx_word' id='word_1_185' title='bbox 684 3089 799 3152; x_wconf 90' lang='lat' dir='ltr'><strong>ambas</strong></span> <span class='ocrx_word' id='word_1_186' title='bbox 817 3085 931 3155; x_wconf 87' lang='lat' dir='ltr'><strong>iaculis</strong></span> <span class='ocrx_word' id='word_1_187' title='bbox 949 3081 1099 3146; x_wconf 88' lang='lat' dir='ltr'><strong>oneravit</strong></span> <span class='ocrx_word' id='word_1_188' title='bbox 1113 3078 1232 3153; x_wconf 73' lang='lat' dir='ltr'><strong>acutis</strong></span> 
     </span>
     <span class='ocr_line' id='line_1_28' title="bbox 300 3185 1161 3279; baseline -0.019 -19"><span class='ocrx_word' id='word_1_189' title='bbox 300 3199 390 3261; x_wconf 88' lang='lat' dir='ltr'><strong>Aere</strong></span> <span class='ocrx_word' id='word_1_190' title='bbox 407 3207 507 3279; x_wconf 91' lang='lat' dir='ltr'><strong>caput</strong></span> <span class='ocrx_word' id='word_1_191' title='bbox 524 3197 667 3275; x_wconf 72' lang='lat' dir='ltr'><strong>fulgens</strong></span> <span class='ocrx_word' id='word_1_192' title='bbox 685 3195 850 3274; x_wconf 88' lang='lat' dir='ltr'><strong>cristaque</strong></span> <span class='ocrx_word' id='word_1_193' title='bbox 868 3189 1014 3251; x_wconf 88' lang='lat' dir='ltr'><strong>hirsutus</strong></span> <span class='ocrx_word' id='word_1_194' title='bbox 1031 3185 1161 3267; x_wconf 88' lang='lat' dir='ltr'><strong>equina.</strong></span> 
     </span>
     <span class='ocr_line' id='line_1_29' title="bbox 212 3287 1301 3377; baseline -0.013 -15"><span class='ocrx_word' id='word_1_195' title='bbox 212 3314 259 3374; x_wconf 83' lang='lat'><strong>870</strong></span> <span class='ocrx_word' id='word_1_196' title='bbox 301 3303 355 3365; x_wconf 91' lang='lat' dir='ltr'><strong>Sic</strong></span> <span class='ocrx_word' id='word_1_197' title='bbox 372 3321 503 3365; x_wconf 92' lang='lat' dir='ltr'><strong>cursum</strong></span> <span class='ocrx_word' id='word_1_198' title='bbox 522 3300 554 3361; x_wconf 92' lang='lat' dir='ltr'><strong>in</strong></span> <span class='ocrx_word' id='word_1_199' title='bbox 572 3299 699 3360; x_wconf 91' lang='lat' dir='ltr'><strong>medios</strong></span> <span class='ocrx_word' id='word_1_200' title='bbox 716 3297 850 3377; x_wconf 92' lang='lat' dir='ltr'><strong>rapidus</strong></span> <span class='ocrx_word' id='word_1_201' title='bbox 868 3293 968 3356; x_wconf 89' lang='lat' dir='ltr'><strong>dedit.</strong></span> <span class='ocrx_word' id='word_1_202' title='bbox 1016 3292 1160 3353; x_wconf 88' lang='lat' dir='ltr'><strong>Aestuat</strong></span> <span class='ocrx_word' id='word_1_203' title='bbox 1177 3287 1301 3368; x_wconf 85' lang='lat' dir='ltr'><strong>ingens</strong></span> 
     </span>
     <span class='ocr_line' id='line_1_30' title="bbox 302 3394 1115 3484; baseline -0.018 -14"><span class='ocrx_word' id='word_1_204' title='bbox 302 3408 381 3470; x_wconf 94' lang='lat' dir='ltr'><strong>Uno</strong></span> <span class='ocrx_word' id='word_1_205' title='bbox 397 3408 430 3468; x_wconf 90' lang='lat' dir='ltr'><strong>in</strong></span> <span class='ocrx_word' id='word_1_206' title='bbox 448 3405 546 3469; x_wconf 91' lang='lat' dir='ltr'><strong>corde</strong></span> <span class='ocrx_word' id='word_1_207' title='bbox 564 3402 669 3484; x_wconf 93' lang='lat' dir='ltr'><strong>pudor</strong></span> <span class='ocrx_word' id='word_1_208' title='bbox 686 3403 853 3481; x_wconf 85' lang='lat' dir='ltr'><strong>mixtoque</strong></span> <span class='ocrx_word' id='word_1_209' title='bbox 870 3398 999 3460; x_wconf 88' lang='lat' dir='ltr'><strong>insania</strong></span> <span class='ocrx_word' id='word_1_210' title='bbox 1016 3394 1115 3467; x_wconf 90' lang='lat' dir='ltr'><strong>luctu,</strong></span> 
     </span>
     <span class='ocr_line' id='line_1_31' title="bbox 306 3495 1096 3592; baseline -0.019 -18"><span class='ocrx_word' id='word_1_211' title='bbox 306 3507 368 3592; x_wconf 89' lang='lat' dir='ltr'><strong>[Et</strong></span> <span class='ocrx_word' id='word_1_212' title='bbox 385 3509 479 3572; x_wconf 80' lang='lat' dir='ltr'><strong>furiis</strong></span> <span class='ocrx_word' id='word_1_213' title='bbox 496 3509 640 3589; x_wconf 85' lang='lat' dir='ltr'><strong>agitatus</strong></span> <span class='ocrx_word' id='word_1_214' title='bbox 657 3525 749 3567; x_wconf 91' lang='lat' dir='ltr'><strong>amor</strong></span> <span class='ocrx_word' id='word_1_215' title='bbox 765 3514 798 3566; x_wconf 91' lang='lat' dir='ltr'><strong>et</strong></span> <span class='ocrx_word' id='word_1_216' title='bbox 815 3502 947 3565; x_wconf 90' lang='lat' dir='ltr'><strong>conscia</strong></span> <span class='ocrx_word' id='word_1_217' title='bbox 964 3495 1096 3580; x_wconf 88' lang='lat' dir='ltr'><strong>virtus]</strong></span> 
     </span>
    </p>
   </div>
   <div class='ocr_carea' id='block_1_3' title="bbox 218 3600 1142 3898">
    <p class='ocr_par' dir='ltr' id='par_1_3' title="bbox 218 3600 1142 3898">
     <span class='ocr_line' id='line_1_32' title="bbox 288 3600 1100 3694; baseline -0.011 -22"><span class='ocrx_word' id='word_1_218' title='bbox 288 3613 416 3694; x_wconf 87' lang='lat' dir='ltr'><strong>Atque</strong></span> <span class='ocrx_word' id='word_1_219' title='bbox 434 3612 486 3674; x_wconf 90' lang='lat' dir='ltr'><strong>hic</strong></span> <span class='ocrx_word' id='word_1_220' title='bbox 503 3613 643 3674; x_wconf 87' lang='lat' dir='ltr'><strong>Aenean</strong></span> <span class='ocrx_word' id='word_1_221' title='bbox 661 3628 784 3688; x_wconf 85' lang='lat' dir='ltr'><strong>magna</strong></span> <span class='ocrx_word' id='word_1_222' title='bbox 800 3617 850 3669; x_wconf 92' lang='lat' dir='ltr'><strong>ter</strong></span> <span class='ocrx_word' id='word_1_223' title='bbox 865 3625 947 3667; x_wconf 91' lang='lat' dir='ltr'><strong>voce</strong></span> <span class='ocrx_word' id='word_1_224' title='bbox 962 3600 1100 3666; x_wconf 90' lang='lat' dir='ltr'><strong>vocavit.</strong></span> 
     </span>
     <span class='ocr_line' id='line_1_33' title="bbox 304 3711 1111 3793; baseline -0.017 -15"><span class='ocrx_word' id='word_1_225' title='bbox 304 3715 440 3778; x_wconf 88' lang='lat' dir='ltr'><strong>Aeneas</strong></span> <span class='ocrx_word' id='word_1_226' title='bbox 457 3713 614 3793; x_wconf 83' lang='lat' dir='ltr'><strong>adgnovit</strong></span> <span class='ocrx_word' id='word_1_227' title='bbox 631 3713 728 3785; x_wconf 90' lang='lat' dir='ltr'><strong>enim,</strong></span> <span class='ocrx_word' id='word_1_228' title='bbox 746 3711 920 3790; x_wconf 88' lang='lat' dir='ltr'><strong>laetusque</strong></span> <span class='ocrx_word' id='word_1_229' title='bbox 939 3715 1111 3788; x_wconf 90' lang='lat' dir='ltr'><strong>precatur:</strong></span> 
     </span>
     <span class='ocr_line' id='line_1_34' title="bbox 218 3807 1142 3898; baseline -0.009 -22"><span class='ocrx_word' id='word_1_230' title='bbox 218 3828 265 3893; x_wconf 81' lang='lat'><strong>875</strong></span> <span class='ocrx_word' id='word_1_231' title='bbox 308 3825 326 3850; x_wconf 83' lang='lat'><strong>‘⁴</strong></span> <span class='ocrx_word' id='word_1_232' title='bbox 339 3818 394 3882; x_wconf 89' lang='lat' dir='ltr'><strong>Sic</strong></span> <span class='ocrx_word' id='word_1_233' title='bbox 408 3827 501 3898; x_wconf 91' lang='lat' dir='ltr'><strong>pater</strong></span> <span class='ocrx_word' id='word_1_234' title='bbox 517 3815 571 3877; x_wconf 92' lang='lat' dir='ltr'><strong>ille</strong></span> <span class='ocrx_word' id='word_1_235' title='bbox 588 3816 686 3877; x_wconf 90' lang='lat' dir='ltr'><strong>deum</strong></span> <span class='ocrx_word' id='word_1_236' title='bbox 704 3813 814 3886; x_wconf 86' lang='lat' dir='ltr'><strong>faciat,</strong></span> <span class='ocrx_word' id='word_1_237' title='bbox 833 3814 879 3873; x_wconf 89' lang='lat' dir='ltr'><strong>sic</strong></span> <span class='ocrx_word' id='word_1_238' title='bbox 896 3811 983 3872; x_wconf 93' lang='lat' dir='ltr'><strong>altus</strong></span> <span class='ocrx_word' id='word_1_239' title='bbox 1000 3807 1142 3890; x_wconf 88' lang='lat' dir='ltr'><strong>Apollo!</strong></span> 
     </span>
    </p>
   </div>
   <div class='ocr_carea' id='block_1_4' title="bbox 0 0 1424 4282">
    <p class='ocr_par' dir='ltr' id='par_1_4' title="bbox 0 0 1424 4282">
     <span class='ocr_line' id='line_1_35' title="bbox 0 0 1424 4282; baseline 0 0"><span class='ocrx_word' id='word_1_240' title='bbox 0 0 1424 4282; x_wconf 95' lang='lat' dir='ltr'><strong> </strong></span> 
     </span>
    </p>
   </div>
  </div>
 </body>
</html>
