<?xml version="1.0" encoding="UTF-8"?>
<!DOCTYPE html PUBLIC "-//W3C//DTD XHTML 1.0 Transitional//EN"
    "http://www.w3.org/TR/xhtml1/DTD/xhtml1-transitional.dtd">
<html xmlns="http://www.w3.org/1999/xhtml" xml:lang="en" lang="en">
 <head>
  <title>
</title>
<meta http-equiv="Content-Type" content="text/html;charset=utf-8" />
  <meta name='ocr-system' content='tesseract 3.04.00' />
  <meta name='ocr-capabilities' content='ocr_page ocr_carea ocr_par ocr_line ocrx_word'/>
</head>
<body>
  <div class='ocr_page' id='page_1' title='image "./virgilsaeneidbo00denngoog_0144.png"; bbox 0 0 2796 4282; ppageno 0'>
   <div class='ocr_carea' id='block_1_1' title="bbox 410 301 1197 374">
    <p class='ocr_par' dir='ltr' id='par_1_1' title="bbox 410 301 1197 374">
     <span class='ocr_line' id='line_1_1' title="bbox 410 301 1197 374; baseline 0.005 -22"><span class='ocrx_word' id='word_1_1' title='bbox 410 306 413 310; x_wconf 85' lang='lat'>&#39;</span> <span class='ocrx_word' id='word_1_2' title='bbox 492 301 608 353; x_wconf 89' lang='lat' dir='ltr'>LIBER</span> <span class='ocrx_word' id='word_1_3' title='bbox 631 301 804 369; x_wconf 84' lang='lat' dir='ltr'><strong>QUINTUS</strong></span> <span class='ocrx_word' id='word_1_4' title='bbox 1137 308 1197 374; x_wconf 85' lang='lat'>127</span> 
     </span>
    </p>
   </div>
   <div class='ocr_carea' id='block_1_2' title="bbox 72 475 1196 3898">
    <p class='ocr_par' dir='ltr' id='par_1_2' title="bbox 168 475 977 561">
     <span class='ocr_line' id='line_1_2' title="bbox 168 475 977 561; baseline 0.002 -19"><span class='ocrx_word' id='word_1_5' title='bbox 168 479 347 542; x_wconf 91' lang='lat' dir='ltr'>Adsumus</span> <span class='ocrx_word' id='word_1_6' title='bbox 364 487 399 543; x_wconf 90' lang='lat' dir='ltr'>et</span> <span class='ocrx_word' id='word_1_7' title='bbox 418 489 535 561; x_wconf 87' lang='lat' dir='ltr'>portus</span> <span class='ocrx_word' id='word_1_8' title='bbox 552 475 652 542; x_wconf 91' lang='lat' dir='ltr'>delati</span> <span class='ocrx_word' id='word_1_9' title='bbox 668 480 828 543; x_wconf 81' lang='lat' dir='ltr'>intramus</span> <span class='ocrx_word' id='word_1_10' title='bbox 845 481 977 544; x_wconf 91' lang='lat' dir='ltr'>amicos.</span> 
     </span>
    </p>

    <p class='ocr_par' dir='ltr' id='par_1_3' title="bbox 171 584 1127 666">
     <span class='ocr_line' id='line_1_3' title="bbox 171 584 1127 666; baseline 0 -20"><span class='ocrx_word' id='word_1_11' title='bbox 171 585 265 665; x_wconf 88' lang='lat' dir='ltr'>Ergo</span> <span class='ocrx_word' id='word_1_12' title='bbox 282 584 385 666; x_wconf 87' lang='lat' dir='ltr'>agite,</span> <span class='ocrx_word' id='word_1_13' title='bbox 405 593 440 647; x_wconf 89' lang='lat' dir='ltr'>et</span> <span class='ocrx_word' id='word_1_14' title='bbox 457 585 580 647; x_wconf 88' lang='lat' dir='ltr'>laetum</span> <span class='ocrx_word' id='word_1_15' title='bbox 598 584 709 647; x_wconf 92' lang='lat' dir='ltr'>cuncti</span> <span class='ocrx_word' id='word_1_16' title='bbox 726 585 932 648; x_wconf 85' lang='lat' dir='ltr'><strong>celebremus</strong></span> <span class='ocrx_word' id='word_1_17' title='bbox 949 585 1127 660; x_wconf 91' lang='lat' dir='ltr'>honorem;</span> 
     </span>
    </p>

    <p class='ocr_par' dir='ltr' id='par_1_4' title="bbox 72 687 1096 874">
     <span class='ocr_line' id='line_1_4' title="bbox 172 687 1096 771; baseline -0.002 -20"><span class='ocrx_word' id='word_1_18' title='bbox 172 689 357 751; x_wconf 90' lang='lat' dir='ltr'>Poscamus</span> <span class='ocrx_word' id='word_1_19' title='bbox 374 697 504 764; x_wconf 88' lang='lat' dir='ltr'>ventos,</span> <span class='ocrx_word' id='word_1_20' title='bbox 523 697 622 770; x_wconf 91' lang='lat' dir='ltr'>atque</span> <span class='ocrx_word' id='word_1_21' title='bbox 638 689 721 752; x_wconf 87' lang='lat' dir='ltr'>baec</span> <span class='ocrx_word' id='word_1_22' title='bbox 738 709 793 752; x_wconf 87' lang='lat' dir='ltr'>me</span> <span class='ocrx_word' id='word_1_23' title='bbox 808 709 903 752; x_wconf 89' lang='lat' dir='ltr'>sacra</span> <span class='ocrx_word' id='word_1_24' title='bbox 919 687 1096 771; x_wconf 87' lang='lat' dir='ltr'>quotannis</span> 
     </span>
     <span class='ocr_line' id='line_1_5' title="bbox 72 783 1006 874; baseline 0.002 -21"><span class='ocrx_word' id='word_1_25' title='bbox 72 803 107 853; x_wconf 86' lang='lat'>60</span> <span class='ocrx_word' id='word_1_26' title='bbox 170 793 266 857; x_wconf 86' lang='lat' dir='ltr'>Urbe</span> <span class='ocrx_word' id='word_1_27' title='bbox 283 793 365 856; x_wconf 89' lang='lat' dir='ltr'>velit</span> <span class='ocrx_word' id='word_1_28' title='bbox 382 793 493 874; x_wconf 90' lang='lat' dir='ltr'>posita</span> <span class='ocrx_word' id='word_1_29' title='bbox 509 792 643 874; x_wconf 91' lang='lat' dir='ltr'>templis</span> <span class='ocrx_word' id='word_1_30' title='bbox 659 792 722 855; x_wconf 90' lang='lat' dir='ltr'>sibi</span> <span class='ocrx_word' id='word_1_31' title='bbox 738 793 826 856; x_wconf 84' lang='lat' dir='ltr'>ferre</span> <span class='ocrx_word' id='word_1_32' title='bbox 842 792 969 856; x_wconf 88' lang='lat' dir='ltr'>dicatis.</span> <span class='ocrx_word' id='word_1_33' title='bbox 1004 783 1006 789; x_wconf 67' lang='grc'><strong>’</strong></span> 
     </span>
    </p>

    <p class='ocr_par' dir='ltr' id='par_1_5' title="bbox 175 891 965 978">
     <span class='ocr_line' id='line_1_6' title="bbox 175 891 965 978; baseline 0 -18"><span class='ocrx_word' id='word_1_34' title='bbox 175 896 260 960; x_wconf 85' lang='lat' dir='ltr'>Bina</span> <span class='ocrx_word' id='word_1_35' title='bbox 276 897 379 960; x_wconf 93' lang='lat' dir='ltr'>boum</span> <span class='ocrx_word' id='word_1_36' title='bbox 397 891 492 959; x_wconf 87' lang='lat' dir='ltr'>vobis</span> <span class='ocrx_word' id='word_1_37' title='bbox 508 898 609 960; x_wconf 89' lang='lat' dir='ltr'>Troia</span> <span class='ocrx_word' id='word_1_38' title='bbox 626 907 804 978; x_wconf 88' lang='lat' dir='ltr'>generatus</span> <span class='ocrx_word' id='word_1_39' title='bbox 821 898 965 960; x_wconf 87' lang='lat' dir='ltr'>Acestes</span> 
     </span>
    </p>

    <p class='ocr_par' dir='ltr' id='par_1_6' title="bbox 177 1001 1060 1082">
     <span class='ocr_line' id='line_1_7' title="bbox 177 1001 1060 1082; baseline 0 -18"><span class='ocrx_word' id='word_1_40' title='bbox 177 1003 245 1064; x_wconf 92' lang='lat' dir='ltr'>Dat</span> <span class='ocrx_word' id='word_1_41' title='bbox 261 1001 532 1082; x_wconf 74' lang='lat' dir='ltr'>numero‘capita</span> <span class='ocrx_word' id='word_1_42' title='bbox 548 1001 582 1063; x_wconf 92' lang='lat' dir='ltr'>in</span> <span class='ocrx_word' id='word_1_43' title='bbox 598 1021 719 1078; x_wconf 89' lang='lat' dir='ltr'>naves;</span> <span class='ocrx_word' id='word_1_44' title='bbox 744 1001 900 1065; x_wconf 91' lang='lat' dir='ltr'>adhibete</span> <span class='ocrx_word' id='word_1_45' title='bbox 918 1003 1060 1064; x_wconf 89' lang='lat' dir='ltr'>Penates</span> 
     </span>
    </p>

    <p class='ocr_par' dir='ltr' id='par_1_7' title="bbox 178 1105 1043 1188">
     <span class='ocr_line' id='line_1_8' title="bbox 178 1105 1043 1188; baseline 0 -20"><span class='ocrx_word' id='word_1_46' title='bbox 178 1106 222 1168; x_wconf 90' lang='lat' dir='ltr'>Et</span> <span class='ocrx_word' id='word_1_47' title='bbox 238 1106 364 1188; x_wconf 89' lang='lat' dir='ltr'>patrios</span> <span class='ocrx_word' id='word_1_48' title='bbox 382 1105 491 1188; x_wconf 90' lang='lat' dir='ltr'>epulis</span> <span class='ocrx_word' id='word_1_49' title='bbox 507 1115 541 1168; x_wconf 90' lang='lat' dir='ltr'>et</span> <span class='ocrx_word' id='word_1_50' title='bbox 556 1125 639 1188; x_wconf 94' lang='lat' dir='ltr'>quos</span> <span class='ocrx_word' id='word_1_51' title='bbox 656 1107 733 1168; x_wconf 89' lang='lat' dir='ltr'>colit</span> <span class='ocrx_word' id='word_1_52' title='bbox 753 1107 876 1187; x_wconf 89' lang='lat' dir='ltr'>hospes</span> <span class='ocrx_word' id='word_1_53' title='bbox 893 1107 1043 1169; x_wconf 90' lang='lat' dir='ltr'>Acestes.</span> 
     </span>
    </p>

    <p class='ocr_par' dir='ltr' id='par_1_8' title="bbox 177 1209 974 1286">
     <span class='ocr_line' id='line_1_9' title="bbox 177 1209 974 1286; baseline -0.001 -14"><span class='ocrx_word' id='word_1_54' title='bbox 177 1211 364 1286; x_wconf 91' lang='lat' dir='ltr'>Praeterea,</span> <span class='ocrx_word' id='word_1_55' title='bbox 383 1212 412 1272; x_wconf 91' lang='lat' dir='ltr'>si</span> <span class='ocrx_word' id='word_1_56' title='bbox 428 1230 517 1272; x_wconf 90' lang='lat' dir='ltr'>nona</span> <span class='ocrx_word' id='word_1_57' title='bbox 534 1210 620 1272; x_wconf 91' lang='lat' dir='ltr'>diem</span> <span class='ocrx_word' id='word_1_58' title='bbox 639 1210 834 1274; x_wconf 87' lang='lat' dir='ltr'>mortalibus</span> <span class='ocrx_word' id='word_1_59' title='bbox 851 1209 974 1272; x_wconf 89' lang='lat' dir='ltr'>almum</span> 
     </span>
    </p>

    <p class='ocr_par' dir='ltr' id='par_1_9' title="bbox 77 1313 979 1396">
     <span class='ocr_line' id='line_1_10' title="bbox 77 1313 979 1396; baseline 0 -21"><span class='ocrx_word' id='word_1_60' title='bbox 77 1327 112 1391; x_wconf 80' lang='lat'>65</span> <span class='ocrx_word' id='word_1_61' title='bbox 176 1315 313 1377; x_wconf 91' lang='lat' dir='ltr'>Aurora</span> <span class='ocrx_word' id='word_1_62' title='bbox 328 1314 484 1378; x_wconf 87' lang='lat' dir='ltr'>extulerit</span> <span class='ocrx_word' id='word_1_63' title='bbox 500 1315 667 1396; x_wconf 89' lang='lat' dir='ltr'>radiisque</span> <span class='ocrx_word' id='word_1_64' title='bbox 684 1313 838 1378; x_wconf 89' lang='lat' dir='ltr'>retexerit</span> <span class='ocrx_word' id='word_1_65' title='bbox 854 1314 979 1389; x_wconf 91' lang='lat' dir='ltr'>orbem,</span> 
     </span>
    </p>

    <p class='ocr_par' dir='ltr' id='par_1_10' title="bbox 177 1417 1105 1812">
     <span class='ocr_line' id='line_1_11' title="bbox 178 1417 1037 1500; baseline -0.001 -19"><span class='ocrx_word' id='word_1_66' title='bbox 178 1419 287 1481; x_wconf 90' lang='lat' dir='ltr'>Prima</span> <span class='ocrx_word' id='word_1_67' title='bbox 304 1421 390 1482; x_wconf 89' lang='lat' dir='ltr'>citae</span> <span class='ocrx_word' id='word_1_68' title='bbox 408 1420 547 1490; x_wconf 89' lang='lat' dir='ltr'>Teucris</span> <span class='ocrx_word' id='word_1_69' title='bbox 565 1439 688 1500; x_wconf 86' lang='lat' dir='ltr'>ponam</span> <span class='ocrx_word' id='word_1_70' title='bbox 705 1419 886 1482; x_wconf 91' lang='lat' dir='ltr'>certamina</span> <span class='ocrx_word' id='word_1_71' title='bbox 903 1417 1037 1495; x_wconf 89' lang='lat' dir='ltr'>classis;</span> 
     </span>
     <span class='ocr_line' id='line_1_12' title="bbox 177 1522 1072 1606; baseline -0.001 -21"><span class='ocrx_word' id='word_1_72' title='bbox 177 1523 312 1606; x_wconf 83' lang='lat' dir='ltr'>Quique</span> <span class='ocrx_word' id='word_1_73' title='bbox 330 1524 454 1604; x_wconf 92' lang='lat' dir='ltr'>pedum</span> <span class='ocrx_word' id='word_1_74' title='bbox 472 1543 571 1586; x_wconf 94' lang='lat' dir='ltr'>cursu</span> <span class='ocrx_word' id='word_1_75' title='bbox 587 1523 685 1598; x_wconf 89' lang='lat' dir='ltr'>valet,</span> <span class='ocrx_word' id='word_1_76' title='bbox 703 1533 736 1586; x_wconf 92' lang='lat' dir='ltr'>et</span> <span class='ocrx_word' id='word_1_77' title='bbox 752 1525 808 1605; x_wconf 94' lang='lat' dir='ltr'>qui</span> <span class='ocrx_word' id='word_1_78' title='bbox 824 1522 947 1586; x_wconf 92' lang='lat' dir='ltr'>viribus</span> <span class='ocrx_word' id='word_1_79' title='bbox 965 1522 1072 1586; x_wconf 88' lang='lat' dir='ltr'>audax</span> 
     </span>
     <span class='ocr_line' id='line_1_13' title="bbox 178 1627 1023 1709; baseline -0.002 -19"><span class='ocrx_word' id='word_1_80' title='bbox 178 1628 250 1690; x_wconf 92' lang='lat' dir='ltr'>Aut</span> <span class='ocrx_word' id='word_1_81' title='bbox 266 1628 375 1691; x_wconf 90' lang='lat' dir='ltr'>iaculo</span> <span class='ocrx_word' id='word_1_82' title='bbox 394 1627 518 1690; x_wconf 87' lang='lat' dir='ltr'>incedit</span> <span class='ocrx_word' id='word_1_83' title='bbox 535 1627 650 1690; x_wconf 90' lang='lat' dir='ltr'>melior</span> <span class='ocrx_word' id='word_1_84' title='bbox 670 1627 863 1709; x_wconf 87' lang='lat' dir='ltr'>levibusque</span> <span class='ocrx_word' id='word_1_85' title='bbox 884 1628 1023 1708; x_wconf 86' lang='lat' dir='ltr'>sagittis,</span> 
     </span>
     <span class='ocr_line' id='line_1_14' title="bbox 179 1731 984 1812; baseline -0.002 -17"><span class='ocrx_word' id='word_1_86' title='bbox 179 1733 246 1796; x_wconf 91' lang='lat' dir='ltr'>Seu</span> <span class='ocrx_word' id='word_1_87' title='bbox 263 1732 367 1794; x_wconf 92' lang='lat' dir='ltr'>crudo</span> <span class='ocrx_word' id='word_1_88' title='bbox 386 1731 456 1794; x_wconf 91' lang='lat' dir='ltr'>fidit</span> <span class='ocrx_word' id='word_1_89' title='bbox 473 1751 622 1812; x_wconf 88' lang='lat' dir='ltr'>pugnam</span> <span class='ocrx_word' id='word_1_90' title='bbox 639 1731 844 1794; x_wconf 87' lang='lat' dir='ltr'>committere</span> <span class='ocrx_word' id='word_1_91' title='bbox 862 1740 984 1806; x_wconf 89' lang='lat' dir='ltr'>caestu,</span> 
     </span>
    </p>

    <p class='ocr_par' dir='ltr' id='par_1_11' title="bbox 86 1833 1196 1918">
     <span class='ocr_line' id='line_1_15' title="bbox 86 1833 1196 1918; baseline -0.003 -19"><span class='ocrx_word' id='word_1_92' title='bbox 86 1852 120 1914; x_wconf 76' lang='grc' dir='ltr'>’γρ</span> <span class='ocrx_word' id='word_1_93' title='bbox 177 1836 299 1900; x_wconf 89' lang='lat' dir='ltr'>Cuncti</span> <span class='ocrx_word' id='word_1_94' title='bbox 316 1836 436 1908; x_wconf 88' lang='lat' dir='ltr'>adsint,</span> <span class='ocrx_word' id='word_1_95' title='bbox 456 1836 660 1918; x_wconf 86' lang='lat' dir='ltr'>meritaeque</span> <span class='ocrx_word' id='word_1_96' title='bbox 677 1844 870 1916; x_wconf 88' lang='lat' dir='ltr'>exspectent</span> <span class='ocrx_word' id='word_1_97' title='bbox 887 1834 1035 1916; x_wconf 87' lang='lat' dir='ltr'>praemia</span> <span class='ocrx_word' id='word_1_98' title='bbox 1057 1833 1196 1916; x_wconf 90' lang='lat' dir='ltr'>palmae.</span> 
     </span>
    </p>

    <p class='ocr_par' dir='ltr' id='par_1_12' title="bbox 179 1939 1023 2130">
     <span class='ocr_line' id='line_1_16' title="bbox 179 1939 1023 2021; baseline -0.006 -16"><span class='ocrx_word' id='word_1_99' title='bbox 179 1941 248 2005; x_wconf 93' lang='lat' dir='ltr'>Ore</span> <span class='ocrx_word' id='word_1_100' title='bbox 265 1941 378 2002; x_wconf 84' lang='lat' dir='ltr'>favete</span> <span class='ocrx_word' id='word_1_101' title='bbox 395 1959 521 2013; x_wconf 91' lang='lat' dir='ltr'>omnes,</span> <span class='ocrx_word' id='word_1_102' title='bbox 537 1949 570 2002; x_wconf 93' lang='lat' dir='ltr'>et</span> <span class='ocrx_word' id='word_1_103' title='bbox 586 1939 709 2021; x_wconf 87' lang='lat' dir='ltr'>cingite</span> <span class='ocrx_word' id='word_1_104' title='bbox 726 1949 877 2021; x_wconf 88' lang='lat' dir='ltr'>tempora</span> <span class='ocrx_word' id='word_1_105' title='bbox 894 1939 1023 2001; x_wconf 88' lang='lat' dir='ltr'>ramis.&#39;&#39;</span> 
     </span>
     <span class='ocr_line' id='line_1_17' title="bbox 224 2044 965 2130; baseline -0.003 -22"><span class='ocrx_word' id='word_1_106' title='bbox 224 2045 281 2108; x_wconf 90' lang='lat' dir='ltr'>Sic</span> <span class='ocrx_word' id='word_1_107' title='bbox 298 2045 389 2106; x_wconf 86' lang='lat' dir='ltr'>fatus</span> <span class='ocrx_word' id='word_1_108' title='bbox 406 2044 495 2106; x_wconf 88' lang='lat' dir='ltr'>velat</span> <span class='ocrx_word' id='word_1_109' title='bbox 511 2053 663 2106; x_wconf 88' lang='lat' dir='ltr'>materna</span> <span class='ocrx_word' id='word_1_110' title='bbox 680 2053 831 2130; x_wconf 88' lang='lat' dir='ltr'>tempora</span> <span class='ocrx_word' id='word_1_111' title='bbox 848 2053 965 2127; x_wconf 92' lang='lat' dir='ltr'>myrto.</span> 
     </span>
    </p>

    <p class='ocr_par' dir='ltr' id='par_1_13' title="bbox 180 2147 1056 2232">
     <span class='ocr_line' id='line_1_18' title="bbox 180 2147 1056 2232; baseline -0.002 -22"><span class='ocrx_word' id='word_1_112' title='bbox 180 2150 258 2212; x_wconf 92' lang='lat' dir='ltr'>Hoc</span> <span class='ocrx_word' id='word_1_113' title='bbox 278 2149 445 2232; x_wconf 92' lang='lat' dir='ltr'>Helymus</span> <span class='ocrx_word' id='word_1_114' title='bbox 462 2147 551 2222; x_wconf 82' lang='lat' dir='ltr'>lacit,</span> <span class='ocrx_word' id='word_1_115' title='bbox 571 2147 634 2210; x_wconf 90' lang='lat' dir='ltr'>hoc</span> <span class='ocrx_word' id='word_1_116' title='bbox 650 2147 723 2210; x_wconf 90' lang='lat' dir='ltr'>aevi</span> <span class='ocrx_word' id='word_1_117' title='bbox 740 2157 888 2210; x_wconf 87' lang='lat' dir='ltr'>maturus</span> <span class='ocrx_word' id='word_1_118' title='bbox 905 2148 1056 2222; x_wconf 75' lang='lat' dir='ltr'>Acestes</span> 
     </span>
    </p>

    <p class='ocr_par' dir='ltr' id='par_1_14' title="bbox 180 2251 1083 2334">
     <span class='ocr_line' id='line_1_19' title="bbox 180 2251 1083 2334; baseline -0.003 -18"><span class='ocrx_word' id='word_1_119' title='bbox 180 2255 259 2316; x_wconf 92' lang='lat' dir='ltr'>Hoc</span> <span class='ocrx_word' id='word_1_120' title='bbox 277 2272 360 2334; x_wconf 92' lang='lat' dir='ltr'>puer</span> <span class='ocrx_word' id='word_1_121' title='bbox 377 2252 555 2327; x_wconf 90' lang='lat' dir='ltr'>Ascanius,</span> <span class='ocrx_word' id='word_1_122' title='bbox 574 2252 723 2333; x_wconf 92' lang='lat' dir='ltr'>sequitur</span> <span class='ocrx_word' id='word_1_123' title='bbox 740 2272 823 2333; x_wconf 91' lang='lat' dir='ltr'>quos</span> <span class='ocrx_word' id='word_1_124' title='bbox 840 2261 950 2315; x_wconf 91' lang='lat' dir='ltr'>cetera</span> <span class='ocrx_word' id='word_1_125' title='bbox 967 2251 1083 2333; x_wconf 90' lang='lat' dir='ltr'>pubes.</span> 
     </span>
    </p>

    <p class='ocr_par' dir='ltr' id='par_1_15' title="bbox 89 2355 1112 2854">
     <span class='ocr_line' id='line_1_20' title="bbox 89 2355 892 2437; baseline -0.002 -17"><span class='ocrx_word' id='word_1_126' title='bbox 89 2384 120 2437; x_wconf 83' lang='lat'>75</span> <span class='ocrx_word' id='word_1_127' title='bbox 178 2357 242 2420; x_wconf 91' lang='lat' dir='ltr'>Ille</span> <span class='ocrx_word' id='word_1_128' title='bbox 260 2377 277 2418; x_wconf 94' lang='lat' dir='ltr'>e</span> <span class='ocrx_word' id='word_1_129' title='bbox 296 2356 435 2419; x_wconf 92' lang='lat' dir='ltr'>concilio</span> <span class='ocrx_word' id='word_1_130' title='bbox 455 2356 564 2418; x_wconf 91' lang='lat' dir='ltr'>multis</span> <span class='ocrx_word' id='word_1_131' title='bbox 582 2376 657 2418; x_wconf 94' lang='lat' dir='ltr'>cum</span> <span class='ocrx_word' id='word_1_132' title='bbox 675 2356 806 2418; x_wconf 92' lang='lat' dir='ltr'>milibus</span> <span class='ocrx_word' id='word_1_133' title='bbox 823 2355 892 2418; x_wconf 91' lang='lat' dir='ltr'>ibat</span> 
     </span>
     <span class='ocr_line' id='line_1_21' title="bbox 180 2459 1067 2540; baseline -0.002 -16"><span class='ocrx_word' id='word_1_134' title='bbox 180 2462 238 2524; x_wconf 94' lang='lat' dir='ltr'>Ad</span> <span class='ocrx_word' id='word_1_135' title='bbox 255 2461 430 2534; x_wconf 90' lang='lat' dir='ltr'>tumulum,</span> <span class='ocrx_word' id='word_1_136' title='bbox 447 2480 570 2540; x_wconf 91' lang='lat' dir='ltr'>magna</span> <span class='ocrx_word' id='word_1_137' title='bbox 587 2460 716 2522; x_wconf 91' lang='lat' dir='ltr'>medius</span> <span class='ocrx_word' id='word_1_138' title='bbox 731 2459 910 2524; x_wconf 90' lang='lat' dir='ltr'>comitante</span> <span class='ocrx_word' id='word_1_139' title='bbox 927 2469 1067 2523; x_wconf 88' lang='lat' dir='ltr'>caterva.</span> 
     </span>
     <span class='ocr_line' id='line_1_22' title="bbox 183 2563 983 2628; baseline -0.003 0"><span class='ocrx_word' id='word_1_140' title='bbox 183 2565 250 2628; x_wconf 94' lang='lat' dir='ltr'>Hic</span> <span class='ocrx_word' id='word_1_141' title='bbox 267 2565 334 2626; x_wconf 91' lang='lat' dir='ltr'>duo</span> <span class='ocrx_word' id='word_1_142' title='bbox 350 2565 412 2627; x_wconf 91' lang='lat' dir='ltr'>rite</span> <span class='ocrx_word' id='word_1_143' title='bbox 429 2584 519 2626; x_wconf 88' lang='lat' dir='ltr'>mero</span> <span class='ocrx_word' id='word_1_144' title='bbox 537 2563 645 2626; x_wconf 91' lang='lat' dir='ltr'>libans</span> <span class='ocrx_word' id='word_1_145' title='bbox 662 2564 832 2627; x_wconf 87' lang='lat' dir='ltr'>carchesia</span> <span class='ocrx_word' id='word_1_146' title='bbox 851 2564 983 2626; x_wconf 91' lang='lat' dir='ltr'>Baccho</span> 
     </span>
     <span class='ocr_line' id='line_1_23' title="bbox 184 2667 1112 2748; baseline -0.001 -17"><span class='ocrx_word' id='word_1_147' title='bbox 184 2669 310 2732; x_wconf 89' lang='lat' dir='ltr'>Fundit</span> <span class='ocrx_word' id='word_1_148' title='bbox 327 2669 427 2743; x_wconf 90' lang='lat' dir='ltr'>humi,</span> <span class='ocrx_word' id='word_1_149' title='bbox 446 2667 512 2730; x_wconf 94' lang='lat' dir='ltr'>duo</span> <span class='ocrx_word' id='word_1_150' title='bbox 528 2668 615 2730; x_wconf 89' lang='lat' dir='ltr'>lacte</span> <span class='ocrx_word' id='word_1_151' title='bbox 631 2688 729 2743; x_wconf 89' lang='lat' dir='ltr'>nov0,</span> <span class='ocrx_word' id='word_1_152' title='bbox 746 2668 813 2730; x_wconf 93' lang='lat' dir='ltr'>duo</span> <span class='ocrx_word' id='word_1_153' title='bbox 830 2667 993 2748; x_wconf 87' lang='lat' dir='ltr'>sanguine</span> <span class='ocrx_word' id='word_1_154' title='bbox 1010 2688 1112 2743; x_wconf 92' lang='lat' dir='ltr'>sacro,</span> 
     </span>
     <span class='ocr_line' id='line_1_24' title="bbox 185 2771 939 2854; baseline -0.003 -18"><span class='ocrx_word' id='word_1_155' title='bbox 185 2775 440 2854; x_wconf 89' lang='lat' dir='ltr'>Purpureosque</span> <span class='ocrx_word' id='word_1_156' title='bbox 457 2773 534 2835; x_wconf 91' lang='lat' dir='ltr'>iacit</span> <span class='ocrx_word' id='word_1_157' title='bbox 551 2772 659 2847; x_wconf 88' lang='lat' dir='ltr'>flores,</span> <span class='ocrx_word' id='word_1_158' title='bbox 677 2792 716 2834; x_wconf 87' lang='lat' dir='ltr'>ac</span> <span class='ocrx_word' id='word_1_159' title='bbox 734 2771 812 2834; x_wconf 89' lang='lat' dir='ltr'>talia</span> <span class='ocrx_word' id='word_1_160' title='bbox 828 2772 939 2834; x_wconf 78' lang='lat' dir='ltr'>fatur:</span> 
     </span>
    </p>

    <p class='ocr_par' dir='ltr' id='par_1_16' title="bbox 91 2876 1172 3166">
     <span class='ocr_line' id='line_1_25' title="bbox 91 2876 1064 2958; baseline -0.004 -16"><span class='ocrx_word' id='word_1_161' title='bbox 91 2893 124 2942; x_wconf 88' lang='lat'>80</span> <span class='ocrx_word' id='word_1_162' title='bbox 182 2884 200 2909; x_wconf 86' lang='lat'><strong>“</strong></span> <span class='ocrx_word' id='word_1_163' title='bbox 213 2878 322 2951; x_wconf 90' lang='lat' dir='ltr'>Salve,</span> <span class='ocrx_word' id='word_1_164' title='bbox 341 2886 456 2940; x_wconf 91' lang='lat' dir='ltr'>sancte</span> <span class='ocrx_word' id='word_1_165' title='bbox 474 2897 604 2958; x_wconf 89' lang='lat' dir='ltr'>parens,</span> <span class='ocrx_word' id='word_1_166' title='bbox 623 2876 742 2940; x_wconf 92' lang='lat' dir='ltr'>iterum</span> <span class='ocrx_word' id='word_1_167' title='bbox 753 2897 760 2952; x_wconf 88' lang='lat'>;</span> <span class='ocrx_word' id='word_1_168' title='bbox 786 2877 920 2952; x_wconf 88' lang='lat' dir='ltr'>salvete,</span> <span class='ocrx_word' id='word_1_169' title='bbox 938 2877 1064 2957; x_wconf 90' lang='lat' dir='ltr'>recepti</span> 
     </span>
     <span class='ocr_line' id='line_1_26' title="bbox 185 2980 1172 3063; baseline -0.003 -19"><span class='ocrx_word' id='word_1_170' title='bbox 185 2981 398 3063; x_wconf 87' lang='lat' dir='ltr'>Nequiquam</span> <span class='ocrx_word' id='word_1_171' title='bbox 415 2980 551 3056; x_wconf 90' lang='lat' dir='ltr'>cineres,</span> <span class='ocrx_word' id='word_1_172' title='bbox 570 2982 767 3061; x_wconf 87' lang='lat' dir='ltr'>animaeque</span> <span class='ocrx_word' id='word_1_173' title='bbox 784 2980 987 3062; x_wconf 87' lang='lat' dir='ltr'>umbraeque</span> <span class='ocrx_word' id='word_1_174' title='bbox 1005 2989 1172 3060; x_wconf 88' lang='lat' dir='ltr'>paternae.</span> 
     </span>
     <span class='ocr_line' id='line_1_27' title="bbox 185 3083 894 3166; baseline -0.003 -18"><span class='ocrx_word' id='word_1_175' title='bbox 185 3086 264 3148; x_wconf 92' lang='lat' dir='ltr'>Non</span> <span class='ocrx_word' id='word_1_176' title='bbox 281 3085 373 3147; x_wconf 91' lang='lat' dir='ltr'>licuit</span> <span class='ocrx_word' id='word_1_177' title='bbox 388 3085 470 3148; x_wconf 91' lang='lat' dir='ltr'>lines</span> <span class='ocrx_word' id='word_1_178' title='bbox 488 3086 591 3148; x_wconf 87' lang='lat' dir='ltr'>Italos</span> <span class='ocrx_word' id='word_1_179' title='bbox 607 3083 789 3166; x_wconf 78' lang='lat' dir='ltr'>fataliaque</span> <span class='ocrx_word' id='word_1_180' title='bbox 806 3104 894 3160; x_wconf 91' lang='lat' dir='ltr'>arva,</span> 
     </span>
    </p>

    <p class='ocr_par' dir='ltr' id='par_1_17' title="bbox 185 3188 1193 3482">
     <span class='ocr_line' id='line_1_28' title="bbox 185 3188 1193 3271; baseline -0.003 -19"><span class='ocrx_word' id='word_1_181' title='bbox 185 3189 260 3253; x_wconf 90' lang='lat' dir='ltr'>Nec</span> <span class='ocrx_word' id='word_1_182' title='bbox 281 3198 391 3252; x_wconf 91' lang='lat' dir='ltr'>tecum</span> <span class='ocrx_word' id='word_1_183' title='bbox 413 3189 612 3264; x_wconf 91' lang='lat' dir='ltr'>Ausonium,</span> <span class='ocrx_word' id='word_1_184' title='bbox 631 3188 831 3271; x_wconf 87' lang='lat' dir='ltr'>quicumque</span> <span class='ocrx_word' id='word_1_185' title='bbox 850 3197 909 3265; x_wconf 95' lang='lat' dir='ltr'>est,</span> <span class='ocrx_word' id='word_1_186' title='bbox 928 3208 1087 3271; x_wconf 87' lang='lat' dir='ltr'>quaerere</span> <span class='ocrx_word' id='word_1_187' title='bbox 1107 3188 1193 3271; x_wconf 91' lang='lat' dir='ltr'><strong>Thy-</strong></span> 
     </span>
     <span class='ocr_line' id='line_1_29' title="bbox 272 3293 388 3356; baseline -0.017 0"><span class='ocrx_word' id='word_1_188' title='bbox 272 3293 388 3356; x_wconf 90' lang='lat' dir='ltr'>brim.&#39;’</span> 
     </span>
     <span class='ocr_line' id='line_1_30' title="bbox 232 3396 1149 3482; baseline -0.003 -22"><span class='ocrx_word' id='word_1_189' title='bbox 232 3399 369 3460; x_wconf 88' lang='lat' dir='ltr'>Dixerat</span> <span class='ocrx_word' id='word_1_190' title='bbox 386 3398 478 3473; x_wconf 89' lang='lat' dir='ltr'>haec,</span> <span class='ocrx_word' id='word_1_191' title='bbox 497 3398 608 3482; x_wconf 88' lang='lat' dir='ltr'>adytis</span> <span class='ocrx_word' id='word_1_192' title='bbox 625 3418 701 3461; x_wconf 92' lang='lat' dir='ltr'>cum</span> <span class='ocrx_word' id='word_1_193' title='bbox 718 3398 863 3462; x_wconf 90' lang='lat' dir='ltr'>lubricus</span> <span class='ocrx_word' id='word_1_194' title='bbox 881 3398 1000 3480; x_wconf 89' lang='lat' dir='ltr'>anguis</span> <span class='ocrx_word' id='word_1_195' title='bbox 1017 3398 1059 3461; x_wconf 89' lang='lat' dir='ltr'>ab</span> <span class='ocrx_word' id='word_1_196' title='bbox 1076 3396 1149 3460; x_wconf 91' lang='lat' dir='ltr'>imis</span> 
     </span>
    </p>

    <p class='ocr_par' dir='ltr' id='par_1_18' title="bbox 95 3501 1078 3898">
     <span class='ocr_line' id='line_1_31' title="bbox 95 3501 1053 3586; baseline -0.004 -18"><span class='ocrx_word' id='word_1_197' title='bbox 95 3519 125 3584; x_wconf 83' lang='lat'>85</span> <span class='ocrx_word' id='word_1_198' title='bbox 184 3503 322 3584; x_wconf 85' lang='lat' dir='ltr'>Septem</span> <span class='ocrx_word' id='word_1_199' title='bbox 340 3501 459 3583; x_wconf 88' lang='lat' dir='ltr'>ingens</span> <span class='ocrx_word' id='word_1_200' title='bbox 477 3522 587 3586; x_wconf 88' lang='lat' dir='ltr'>gyros,</span> <span class='ocrx_word' id='word_1_201' title='bbox 606 3511 746 3584; x_wconf 88' lang='lat' dir='ltr'>septena</span> <span class='ocrx_word' id='word_1_202' title='bbox 761 3502 930 3565; x_wconf 91' lang='lat' dir='ltr'>volumina</span> <span class='ocrx_word' id='word_1_203' title='bbox 945 3502 1053 3578; x_wconf 85' lang='lat' dir='ltr'>traxit,</span> 
     </span>
     <span class='ocr_line' id='line_1_32' title="bbox 185 3606 1072 3688; baseline -0.002 -18"><span class='ocrx_word' id='word_1_204' title='bbox 185 3607 373 3688; x_wconf 91' lang='lat' dir='ltr'>Amplexus</span> <span class='ocrx_word' id='word_1_205' title='bbox 391 3606 520 3688; x_wconf 92' lang='lat' dir='ltr'>placide</span> <span class='ocrx_word' id='word_1_206' title='bbox 535 3606 699 3669; x_wconf 91' lang='lat' dir='ltr'>tumulum</span> <span class='ocrx_word' id='word_1_207' title='bbox 717 3607 897 3688; x_wconf 86' lang='lat' dir='ltr'>lapsusque</span> <span class='ocrx_word' id='word_1_208' title='bbox 914 3627 973 3688; x_wconf 90' lang='lat' dir='ltr'>per</span> <span class='ocrx_word' id='word_1_209' title='bbox 990 3627 1072 3680; x_wconf 90' lang='lat' dir='ltr'>aras,</span> 
     </span>
     <span class='ocr_line' id='line_1_33' title="bbox 185 3710 1016 3791; baseline -0.004 -15"><span class='ocrx_word' id='word_1_210' title='bbox 185 3712 369 3776; x_wconf 86' lang='lat' dir='ltr'>Caeruleae</span> <span class='ocrx_word' id='word_1_211' title='bbox 386 3710 439 3773; x_wconf 93' lang='lat' dir='ltr'>cui</span> <span class='ocrx_word' id='word_1_212' title='bbox 455 3720 549 3791; x_wconf 87' lang='lat' dir='ltr'>terga</span> <span class='ocrx_word' id='word_1_213' title='bbox 565 3719 663 3774; x_wconf 83' lang='lat' dir='ltr'>notae</span> <span class='ocrx_word' id='word_1_214' title='bbox 681 3711 869 3776; x_wconf 89' lang='lat' dir='ltr'>maculosus</span> <span class='ocrx_word' id='word_1_215' title='bbox 886 3719 919 3774; x_wconf 92' lang='lat' dir='ltr'>et</span> <span class='ocrx_word' id='word_1_216' title='bbox 935 3730 1016 3773; x_wconf 90' lang='lat' dir='ltr'>auro</span> 
     </span>
     <span class='ocr_line' id='line_1_34' title="bbox 187 3813 1078 3898; baseline -0.008 -17"><span class='ocrx_word' id='word_1_217' title='bbox 187 3817 370 3898; x_wconf 89' lang='lat' dir='ltr'>Squamam</span> <span class='ocrx_word' id='word_1_218' title='bbox 387 3813 587 3878; x_wconf 90' lang='lat' dir='ltr'>incendebat</span> <span class='ocrx_word' id='word_1_219' title='bbox 604 3814 726 3896; x_wconf 78' lang='lat' dir='ltr'>fulgor,</span> <span class='ocrx_word' id='word_1_220' title='bbox 744 3834 804 3876; x_wconf 89' lang='lat' dir='ltr'>ceu</span> <span class='ocrx_word' id='word_1_221' title='bbox 822 3814 965 3877; x_wconf 90' lang='lat' dir='ltr'>nubibus</span> <span class='ocrx_word' id='word_1_222' title='bbox 982 3833 1078 3876; x_wconf 88' lang='lat' dir='ltr'>arcus</span> 
     </span>
    </p>
   </div>
   <div class='ocr_carea' id='block_1_3' title="bbox 0 0 1415 4282">
    <p class='ocr_par' dir='ltr' id='par_1_19' title="bbox 0 0 1415 4282">
     <span class='ocr_line' id='line_1_35' title="bbox 0 0 1415 4282; baseline 0 0"><span class='ocrx_word' id='word_1_223' title='bbox 0 0 1415 4282; x_wconf 95' lang='lat' dir='ltr'> </span> 
     </span>
    </p>
   </div>
  </div>
 </body>
</html>
