2816 4282
480 313 597 366 ursan
625 315 855 370 unuacnuus
1160 315 1221 392 285

203 493 281 569 lte‚”
299 493 355 569 ait,
375 495 564 574 “egregias
581 494 717 570 animaS,
736 515 821 578 quae
837 496 999 577 sanguine
1016 497 1110 562 nobis

136 619 166 672 25
204 598 299 660 Hanc
318 598 463 679 patriam
481 617 641 678 peperere
659 618 727 674 suo,
746 599 901 664 decorate
917 604 1081 682 supremis

205 701 410 777 Muneribus
430 711 658 783 maestamque
677 702 826 766 Euandri
842 704 968 784 primus
985 707 1026 769 ad
1043 706 1159 771 urbem

205 807 355 869 Mittatur
373 806 493 880 Pallas,
511 825 609 888 quern
627 826 693 869 non
709 809 840 870 virtutis
857 820 1011 890 egentem

205 911 350 974 Abstulit
367 920 441 973 atra
457 909 529 973 dies
545 919 578 972 et
594 911 712 974 funere
729 913 842 976 mersit
858 914 1009 978 acerb0.’'

245 1016 297 1080 Sic
315 1017 362 1078 ait
378 1015 592 1078 inlacrimans
611 1014 794 1097 recipitque
813 1019 854 1080 ad
871 1018 985 1082 limina
1000 1041 1162 1100 gressum,

138 1141 171 1192 30
203 1121 328 1201 Corpus
345 1118 403 1181 ubi
420 1118 563 1181 exanimi
582 1119 726 1199 positum
748 1121 906 1186 Pallantis
923 1124 1070 1187 Acoetes

205 1224 363 1288 Servabat
380 1224 501 1299 senior,
520 1224 576 1306 qui
594 1225 769 1288 Parrhasio
788 1228 946 1291 Euandro

203 1330 358 1410 Armiger
374 1338 453 1392 ante
470 1328 543 1403 fuit,
561 1329 619 1392 sed
636 1349 702 1392 non
719 1331 872 1394 felicibus
888 1352 995 1415 aeque

203 1436 285 1496 Tum
302 1454 417 1498 comes
434 1433 591 1515 auspiciis
608 1454 685 1498 caro
701 1435 799 1498 datus
815 1435 884 1498 ibat
900 1437 1043 1500 alumno

203 1539 333 1602 Circum
350 1538 460 1602 omnis
477 1539 706 1621 famulumque
725 1559 843 1603 manus
859 1541 1070 1623 Troianaque
1087 1541 1184 1605 turba

139 1665 164 1717 35
203 1643 243 1706 Et
259 1652 426 1707 maestum
446 1643 568 1706 Iliades
587 1644 711 1706 crinem
729 1644 770 1707 de
787 1665 877 1708 more
894 1645 1031 1708 solutae.

202 1749 246 1812 Ut
264 1768 345 1811 vero
362 1748 501 1810 Aeneas
518 1747 645 1811 foribus
662 1768 735 1811 sese
752 1749 861 1812 intulit
877 1750 961 1824 altis,

202 1853 381 1933 ingentem
398 1853 557 1933 gemitum
576 1852 683 1915 tunsis
700 1852 742 1914 ad
759 1852 867 1916 sidera
884 1843 1003 1916 tollunt

201 1957 405 2032 Pectoribus,
423 1967 617 2038 maestoque
635 1957 789 2038 immugit
805 1959 896 2038 regia
912 1958 1012 2021 luctu.

201 2062 214 2123 l
219 2082 288 2144 pse,
307 2071 410 2142 caput
427 2061 515 2124 nivei
531 2062 651 2125 fultum
671 2061 830 2125 Pallantis
846 2072 879 2125 et
895 2082 953 2124 ora

134 2188 164 2236 40
201 2167 248 2230 Ut
264 2166 348 2228 vidit
364 2167 496 2248 levique
513 2175 633 2247 patens
650 2166 683 2228 in
701 2175 835 2247 pectore
851 2167 971 2228 vulnus

200 2271 358 2352 Cuspidis
374 2269 556 2345 Ausoniae,
575 2270 720 2334 lacrimis
736 2270 780 2334 ita
798 2271 887 2332 fatur
904 2270 1046 2334 obortis:

244 2377 262 2403 “
273 2371 399 2446 Tene‚”
417 2371 532 2452 inquit,
553 2370 770 2433 “miserande
787 2390 878 2451 puer,
893 2391 967 2434 curn
985 2371 1071 2434 laeta
1083 2371 1221 2447 veniret,

199 2476 325 2538 lnvidit
343 2477 492 2539 Fortuna
508 2474 597 2551 mihi,
616 2495 658 2538 ne
675 2495 779 2556 regna
794 2475 923 2538 videres

200 2582 334 2656 Nostra,
352 2599 461 2663 neque
477 2580 519 2642 ad
536 2580 633 2643 sedes
649 2579 755 2643 victor
770 2580 929 2642 veherere
954 2580 1134 2660 paternas?

130 2706 159 2760 45
200 2686 278 2748 Non
296 2685 380 2748 haec
398 2685 556 2748 Euandro
573 2683 614 2746 de
630 2693 664 2746 te
680 2683 844 2765 promissa
861 2685 990 2764 parenti

201 2789 388 2853 Discedens
404 2789 571 2864 dederam,
589 2808 663 2852 curn
682 2809 734 2851 me
751 2788 944 2869 complexus
960 2796 1094 2850 euntem

201 2895 351 2958 Mitteret
366 2896 401 2956 in
418 2914 577 2976 magnum
594 2893 780 2975 imperium,
798 2901 1017 2974 metuensque
1035 2903 1184 2956 moneret

199 3000 307 3063 Acres
323 3019 397 3062 esse
412 2999 500 3062 viros
514 3019 521 3073 ;
546 3019 620 3062 curn
638 2997 721 3060 dura
739 2998 865 3078 proelia
880 3006 991 3078 gente.

201 3105 244 3166 Et
256 3124 344 3166 nunc
361 3103 415 3166 ille
432 3103 565 3185 quidem
584 3122 643 3184 spe
660 3102 801 3164 multum
820 3111 938 3183 captus
955 3099 1045 3163 inani

131 3231 161 3283 5ο
201 3209 284 3272 Fors
301 3218 333 3270 et
349 3217 426 3271 vota
442 3207 531 3283 facit,
551 3208 764 3288 cumulatque
781 3205 897 3268 altaria
913 3204 1028 3279 donis;

199 3316 271 3378 Nos
287 3317 441 3378 iuvenem
459 3316 647 3378 exanimum
666 3323 699 3376 et
715 3313 761 3376 nil
778 3312 842 3374 iarn
859 3308 1058 3374 caelestibus
1075 3308 1149 3372 ullis

201 3420 388 3484 Debentem
405 3439 492 3482 vano
508 3418 625 3482 maesti
641 3416 838 3481 comitamur
853 3415 988 3478 honore.

201 3525 331 3600 Infelix,
349 3525 418 3587 nati
434 3525 536 3587 funus
553 3523 687 3586 crudele
703 3519 851 3584 videbis!

201 3627 246 3690 Hi
263 3628 366 3691 nostri
382 3627 517 3702 reditus,
535 3625 782 3707 exspectatique
798 3623 983 3706 triumphi?

131 3754 159 3810 55
202 3733 296 3795 Haec
313 3751 387 3796 mea
411 3752 534 3813 magna
550 3730 654 3793 fides?
700 3730 749 3792 At
764 3749 841 3804 non,
861 3727 1028 3802 Euandre,
1051 3725 1216 3808 pudendis
1284 3733 1288 3740 '

198 3835 400 3902 Vulneribus
416 3835 549 3918 pulsum
566 3833 725 3915 aspicies;
750 3852 811 3896 nec
828 3831 953 3912 sospite
976 3830 1084 3893 dirum
