2796 4282
205 285 263 346 162
557 291 715 344 VERGILI
743 289 941 343 AENElDOS

332 472 371 532 ln
389 471 497 534 medio
514 491 623 534 ramos
639 490 832 552 annosaque
849 468 1004 531 bracchia
1022 467 1142 548 pandit

289 576 410 638 Ulmus
426 594 541 656 opaca,
558 576 687 655 ingens,
705 593 804 655 quam
823 573 935 636 sedem
955 571 1094 635 Somnia
1110 571 1219 650 vulgo

287 679 384 741 Vana
400 688 515 741 tenere
532 679 654 753 ierunt,
672 678 826 759 foliisque
844 677 905 739 sub
922 675 1078 738 omnibus
1096 676 1255 738 haerent,

200 795 246 860 285
288 783 462 864 Multaque
478 792 651 865 praeterea
667 782 831 844 variarum
848 788 995 844 monstra
1013 781 1165 844 ferarum

226 909 228 914 ·
287 886 446 951 Centauri
461 887 495 949 in
512 887 639 950 foribus
655 886 825 950 stabulant
838 885 1038 970 Scyllaeque
1054 883 1223 946 biformes

289 990 331 1052 Et
349 991 637 1072 centumgeminus
659 991 814 1053 Briareus
830 1009 870 1052 ac
886 989 984 1051 belua
1003 989 1148 1063 Lernae,

289 1095 504 1156 Horrendum
521 1095 674 1170 stridens,
692 1079 907 1176 flammisque
918 1103 1046 1156 armata
1064 1093 1259 1166 Chimaera,

288 1198 462 1278 Gorgones
482 1199 721 1282 Harpyiaeque
737 1207 771 1261 et
786 1199 895 1260 forma
910 1197 1105 1278 tricorporis
1122 1197 1277 1258 umbrae.

201 1327 246 1374 290
291 1299 436 1383 Corripit
452 1302 505 1364 hic
522 1302 631 1364 subita
647 1290 797 1383 trepidus
813 1302 990 1365 formidine
1007 1303 1136 1364 serrum

288 1404 432 1479 Aeneas
451 1407 667 1488 strictamque
683 1407 787 1468 aciem
804 1403 1015 1468 venientibus
1031 1406 1152 1478 offert;

289 1493 348 1582 Et,
361 1508 395 1569 ni
410 1493 509 1571 docta
525 1530 637 1571 comes
652 1520 771 1571 tenues
788 1510 860 1571 sine
876 1529 1016 1590 corpore
1031 1509 1118 1571 vitas

286 1611 480 1674 Admoneat
496 1613 632 1675 volitare
649 1633 731 1675 cava
747 1613 809 1675 sub
825 1611 972 1694 imagine
990 1613 1131 1687 formae,

288 1715 412 1790 inruat,
430 1725 463 1778 et
479 1717 603 1778 frustra
621 1717 710 1779 ferro
727 1699 914 1780 diverberet
930 1716 1075 1779 umbras

201 1841 246 1892 295
332 1818 422 1880 Hinc
437 1819 500 1894 via,
518 1821 669 1882 Tartarei
687 1841 772 1902 quae
789 1823 854 1882 fert
871 1820 1077 1882 Acherontis
1095 1821 1137 1882 ad
1155 1820 1272 1882 undas.

287 1921 455 1984 Turbidus
472 1923 524 1985 hic
540 1943 647 1986 caeno
660 1933 822 2005 vastaque
838 1925 998 2004 voragine
1015 1943 1141 2004 gurges

288 2021 430 2087 Aestuat
447 2037 546 2106 atque
563 2047 695 2088 omnem
714 2026 841 2110 Cocyto
857 2037 987 2090 eructat
1004 2029 1176 2090 harenam.

289 2125 429 2188 Portitor
445 2129 505 2190 has
522 2130 707 2192 horrendus
724 2151 829 2212 aquas
844 2140 879 2194 et
895 2131 1033 2194 flumina
1049 2141 1163 2193 servat

288 2228 438 2292 Terribili
455 2233 608 2312 squalore
625 2234 769 2309 Charon,
787 2237 840 2296 cui
857 2235 1000 2316 plurima
1018 2243 1134 2297 mento

115 2332 121 2344 ‘
201 2355 248 2402 300
289 2331 434 2395 Canities
451 2334 576 2397 inculta
592 2336 685 2411 iacet,
704 2347 794 2399 stant
811 2339 937 2399 lumina
950 2337 1097 2414 flamma,

288 2432 447 2498 Sordidus
463 2457 503 2498 ex
519 2439 642 2502 umeris
658 2441 748 2503 nodo
764 2441 932 2522 dependet
949 2442 1100 2504 amictus.

289 2535 367 2615 lpse
384 2549 487 2602 ratem
505 2552 604 2603 conto
621 2543 755 2624 subigit,
773 2546 923 2627 velisque
941 2546 1120 2621 ministrat,

289 2638 333 2699 Et
349 2641 540 2722 ferruginea
556 2645 729 2709 subvectat
746 2667 886 2728 corpora
902 2649 1032 2732 cymba,

290 2740 360 2802 lam
377 2745 501 2819 senior3
527 2748 585 2809 sed
602 2749 704 2810 cruda
720 2751 783 2813 deo
799 2751 981 2833 viridisque
998 2763 1165 2816 senectus.

201 2865 246 2914 305
335 2844 411 2907 Huc
428 2847 535 2910 omnis
552 2851 648 2912 turba
665 2854 707 2913 ad
724 2855 814 2934 ripas
831 2855 941 2917 effusa
957 2856 1085 2932 ruebat,

288 2941 414 3009 Matres
430 2958 530 3030 atque
546 2953 616 3027 viri,
634 2955 861 3039 defunctaque
878 2975 1020 3040 corpora
1035 2960 1105 3022 vita

290 3047 541 3127 Magnanimum
559 3056 706 3133 heroum,
725 3061 819 3140 pueri
836 3061 1066 3144 innuptaeque
1084 3066 1228 3144 puellae,

291 3148 506 3235 Impositique
523 3159 612 3238 rogis
628 3161 765 3226 iuvenes
783 3174 860 3227 ante
878 3187 937 3228 ora
955 3177 1154 3247 parentum:

289 3250 396 3330 Quam
414 3257 516 3320 muita
532 3260 565 3322 in
581 3263 671 3328 silvis
688 3260 838 3330 autumni
855 3269 979 3350 frigore
997 3273 1105 3350 primo

202 3373 248 3420 3¹0
290 3351 400 3433 Lapsa
416 3361 539 3425 cadunt
555 3365 644 3442 folia,
663 3379 718 3431 aut
735 3370 778 3433 ad
794 3381 915 3434 terram
940 3375 1075 3455 gurgite
1092 3375 1136 3436 ab
1153 3377 1222 3439 alto

290 3453 396 3533 Quam
414 3464 537 3527 multae
553 3469 780 3548 glomerantur
796 3495 884 3550 aves,
902 3478 959 3539 ubi
976 3479 1122 3560 frigidus
1140 3499 1262 3542 annus·

289 3556 395 3621 Trans
412 3575 548 3641 pontum
567 3572 662 3650 fugat
678 3584 710 3638 et
727 3578 823 3639 terris
839 3581 987 3643 immittit
1002 3583 1135 3663 apricis.

290 3657 429 3724 Stabant
445 3679 577 3732 orantes
593 3675 689 3753 primi
706 3682 931 3745 transmittere
947 3703 1093 3760 cursum,

289 3757 550 3848 Tendebantque
566 3791 684 3839 manus
699 3781 791 3859 ripae
807 3784 972 3853 ulterioris
986 3807 1108 3851 amore.
