2816 4282
455 278 601 343 'ursan
627 289 802 343 nscmus
1136 285 1194 349 281

90 482 129 530 810
165 471 329 548 Sustinet,
349 481 385 534 et
406 470 557 532 Lausum
574 468 750 550 increpitat
769 468 946 553 Lausoque
963 467 1124 534 minatur:

165 577 271 658 “Quo
292 575 459 638 moriture
476 573 554 647 ruis
573 572 763 653 maioraque
780 571 904 636 viribus
920 573 1046 636 audes?

165 681 268 742 Fallit
286 691 321 744 te
340 680 516 741 incautum
534 676 640 757 pietas
656 675 744 738 tua.'’
794 676 824 738 N
828 696 865 739 ec
883 676 992 739 minus
1008 677 1062 741 ille

167 786 327 848 Exsultat
341 784 503 856 demens;
529 800 648 842 saevae
663 781 797 861 iamque
813 779 909 843 altius
926 781 993 844 irae

168 890 349 952 Dardanio
367 895 511 967 surgunt
527 885 664 960 ductori,
682 896 894 966 extremaque
913 885 1024 948 Lauso

90 1003 129 1069 815
168 995 295 1057 Parcae
312 993 371 1054 fila
388 992 523 1072 legunt;
547 988 692 1051 validum
709 1009 853 1071 namque
870 989 971 1072 exigit
988 1011 1102 1054 ensem

170 1100 231 1160 Per
249 1097 402 1159 medium
420 1095 557 1156 Aeneas
573 1093 736 1168 iuvenem,
754 1103 927 1176 totumque
943 1095 1100 1159 recondit.

169 1204 321 1268 Transiit
338 1213 373 1265 et
390 1219 541 1283 parmam
558 1220 680 1276 mucro,
698 1201 783 1263 levia
799 1221 892 1264 arma
908 1201 1055 1278 minaciS,

173 1311 217 1372 Et
233 1309 395 1380 tunicam,
415 1305 505 1367 molli
522 1314 627 1367 mater
644 1325 744 1386 quam
761 1316 897 1369 neverat
913 1326 1002 1382 aur0,

173 1416 400 1497 implevitque
418 1411 527 1474 sinum
545 1414 702 1494 sanguis,
726 1422 796 1476 tum
813 1415 881 1476 vita
897 1433 958 1495 per
973 1434 1072 1478 auras

94 1527 137 1577 820
175 1518 351 1584 Concessit
368 1527 495 1580 maesta
512 1519 553 1580 ad
572 1519 701 1593 Manes,
720 1538 906 1600 corpusque
922 1518 1062 1601 reliquit.

218 1625 266 1687 At
282 1644 363 1687 vero
380 1632 417 1685 ut
433 1624 560 1684 vultum
577 1622 659 1686 vidit
675 1622 845 1686 morientis
860 1633 893 1686 et
910 1644 977 1699 ora,

178 1734 245 1798 Ora
261 1734 371 1798 modis
388 1733 613 1796 Anchisiades
630 1734 789 1814 pallentia
806 1733 905 1809 miris,

87 1918 90 1922 ,
179 1838 346 1919 Ingemuit
363 1836 526 1900 miserans
542 1836 696 1918 graviter,
714 1838 930 1919 dextramque
946 1837 1095 1912 tetendit,

181 1942 221 2004 Et
237 1952 386 2004 mentem
404 1940 532 2022 patriae
549 1940 649 2003 subiit
665 1942 796 2022 pietatis
812 1941 933 2023 imago.

102 2053 143 2119 825
182 2047 300 2128 “Quid
318 2046 378 2108 tibi
394 2065 492 2120 nunc,
512 2045 699 2109 miserande
716 2066 807 2128 puer,
826 2067 885 2127 pro
902 2046 1053 2110 laudibus
1070 2045 1150 2120 istis,

180 2151 268 2232 Quid
286 2153 361 2231 pius
378 2150 514 2212 Aeneas
532 2159 624 2212 tanta
641 2149 732 2212 dabit
748 2150 858 2213 indole
874 2150 1034 2232 dignum?

179 2259 293 2332 Arma,
311 2258 434 2340 quibus
450 2258 600 2334 laetatus,
619 2258 705 2321 habe
721 2268 796 2333 tua;
820 2268 919 2340 teque
936 2266 1109 2339 parentum

181 2363 338 2426 Manibus
354 2372 387 2425 et
404 2361 514 2437 cineri,
533 2365 559 2425 si
576 2372 709 2445 quaest
726 2383 765 2426 ea
781 2383 868 2435 cura,
886 2362 1026 2426 remitto

182 2467 255 2530 Hoc
272 2477 386 2529 tamen
404 2467 520 2529 infelix
536 2467 690 2530 miseram
709 2467 857 2530 solabere
873 2478 1031 2530 mortem:

105 2576 146 2640 830
182 2571 319 2634 Aeneae
335 2572 450 2652 magni
466 2571 581 2634 dextra
598 2572 721 2634 cadis.'’
770 2573 925 2653 Increpat
941 2571 1027 2635 ultro

146 2703 149 2712 ‚
183 2675 387 2738 Cunctantes
404 2675 519 2750 socios,
540 2685 573 2738 et
588 2686 676 2739 terra
693 2675 843 2740 sublevat
859 2678 977 2758 ipsum,

183 2778 354 2859 Sanguine
370 2788 559 2860 turpantem
577 2790 728 2861 comptos
744 2781 786 2844 de
803 2801 893 2844 more
911 2781 1057 2862 capillos.

225 2884 359 2945 Interea
375 2883 505 2964 genitor
522 2883 670 2946 Tiberini
687 2884 728 2947 ad
745 2883 889 2947 fluminis
906 2884 1029 2947 undam

183 2987 330 3049 Vulnera
347 2986 494 3049 siccabat
510 2987 665 3070 lymphis,
684 3009 870 3070 corpusque
887 2989 1019 3052 levabat

107 3095 146 3162 ⁸35
184 3089 323 3153 Arboris
340 3089 476 3153 acclinis
493 3100 618 3154 trunco
667 3092 783 3155 Procul
800 3113 898 3156 aerea
913 3092 1014 3156 ramis

185 3194 363 3275 Dependet
378 3194 484 3275 galea,
503 3204 536 3258 et
553 3205 647 3276 prato
664 3196 778 3276 gravia
794 3217 886 3258 arma
902 3197 1086 3278 quiescunt.

185 3298 281 3361 Stant
297 3297 373 3362 lecti
390 3299 513 3360 circum
531 3298 688 3375 iuvenes;
713 3301 784 3381 ipse
802 3321 911 3382 aeger,
929 3302 1100 3375 anhelans,

185 3400 278 3465 Colla
294 3403 395 3477 fovet,
413 3403 510 3466 fusus
527 3423 707 3484 propexam
725 3404 757 3466 in
776 3415 910 3485 pectore
926 3404 1063 3468 barbam
1077 3425 1083 3479 ;

186 3507 291 3569 Multa
308 3525 408 3587 super
427 3507 538 3570 Lauso
554 3508 684 3588 rogitat,
702 3508 890 3590 multosque
907 3509 1051 3585 remittit,

109 3615 148 3677 840
185 3609 250 3691 Qui
266 3620 433 3685 revocent,
453 3611 635 3694 maestique
653 3612 764 3675 ferant
781 3613 936 3675 mandata
953 3612 1107 3694 parentis.

185 3715 231 3777 At
249 3715 396 3777 Lausum
416 3714 495 3777 socii
510 3715 695 3778 exanimem
713 3736 813 3797 super
829 3737 920 3778 arma
937 3717 1091 3780 ferebant

186 3818 330 3893 Flentes,
348 3817 518 3898 ingentem
535 3829 634 3900 atque
650 3819 778 3900 ingenti
794 3820 930 3881 vulnere
946 3821 1078 3881 victum.
