2800 4286
180 333 242 397 204
536 322 694 375 venerer
722 320 921 376 Asueroos

180 527 228 578 74⁰
268 503 312 566 Et
327 521 411 585 quos
427 500 597 565 maliferae
614 502 812 584 despectant
829 502 959 565 moenia
975 502 1131 579 Abellae,

266 606 451 670 Teutonico
467 605 530 669 ritu
548 605 635 669 soliti
651 616 804 689 torquere
821 607 962 682 cateias;

266 711 430 792 Tegmina
447 710 521 793 quis
537 710 682 791 capitum
700 720 815 794 raptus
832 711 874 774 de
891 711 1009 775 subere
1026 723 1150 788 cortex,

267 817 479 898 Aerataeque
496 817 619 878 micant
636 816 753 896 peltae,
772 815 871 878 micat
887 836 1004 880 aereus
1020 819 1121 880 ensis.

311 921 355 984 Et
370 931 403 985 te
420 929 592 983 montosae
608 920 727 983 misere
743 923 776 983 in
794 920 919 1002 proelia
937 922 1075 996 Nersae,

180 1050 225 1103 745
267 1027 387 1102 Ufens,
404 1025 569 1107 insignem
586 1026 678 1088 fama
691 1035 724 1089 et
741 1025 893 1088 felicibus
910 1025 1028 1102 armis;

268 1130 413 1194 Horrida
430 1130 608 1212 praecipue
625 1131 678 1194 cui
693 1151 787 1212 genS,
805 1131 1009 1212 adsuetaque
1027 1130 1132 1194 multo

266 1234 399 1299 Venatu
416 1256 598 1311 nemorum,
616 1235 707 1297 duris
724 1235 911 1318 Aequicula
927 1235 1063 1317 glaebis.

265 1339 397 1402 Armati
413 1350 533 1402 terram
551 1349 714 1416 exercent,
733 1359 931 1422 semperque
948 1349 1098 1402 recentes

266 1445 472 1508 Convectare
489 1445 579 1506 iuvat
596 1445 738 1526 praedas
754 1453 787 1506 et
804 1445 914 1506 vivere
932 1453 1033 1525 rapto.

179 1573 227 1625 750
310 1549 400 1630 Quin
416 1557 450 1611 et
467 1547 637 1610 Marruvia
653 1547 744 1611 venit
761 1548 801 1612 de
819 1557 919 1629 gente
936 1547 1100 1623 sacerdos

267 1652 399 1715 Fronde
417 1673 517 1734 super
532 1653 662 1734 galeam
679 1662 713 1714 et
730 1652 818 1715 felici
834 1661 988 1733 comptus
1005 1651 1100 1727 oliva,

193 1761 195 1765 ’
267 1755 433 1838 Archippi
449 1756 537 1837 regis
555 1756 665 1831 missu,
684 1756 885 1819 fortissimus
903 1755 1041 1830 Umbro,

265 1860 411 1942 Vipereo
428 1863 542 1942 generi
559 1870 592 1924 et
608 1860 754 1942 graviter
770 1860 973 1941 spirantibus
990 1860 1104 1944 hydris

267 1966 433 2046 Spargere
450 1964 506 2047 qui
522 1985 657 2027 somnos
673 1974 840 2046 cantuque
856 1983 1023 2046 manuque
1040 1963 1180 2038 solebat,

179 2092 225 2145 755
267 2069 504 2151 Mulcebatque
520 2070 586 2132 iras
602 2078 635 2131 et
652 2089 781 2131 morsus
798 2078 868 2130 arte
884 2067 1023 2131 levabat.

267 2173 334 2238 Sed
351 2193 417 2236 non
437 2173 627 2235 Dardaniae
644 2172 801 2235 medicari
816 2171 963 2252 cuspidis
979 2170 1079 2234 ictum

267 2276 409 2352 Evaluit,
427 2297 536 2359 neque
552 2296 627 2339 eum
644 2277 755 2338 iuvere
771 2277 805 2337 in
821 2275 958 2338 vulnera
975 2285 1092 2338 cantus

267 2381 445 2446 Somniieri
461 2391 494 2443 et
512 2381 634 2443 Marsis
651 2382 821 2463 quaesitae
838 2379 1004 2442 montibus
1020 2379 1153 2442 herbae.

265 2487 315 2548 Te
332 2504 449 2547 nemus
467 2485 657 2567 Anguitiae,
676 2485 780 2546 vitrea
795 2493 829 2546 te
846 2483 993 2545 Fucinus
1009 2483 1107 2557 unda,

180 2601 228 2666 760
266 2591 317 2653 Te
334 2589 449 2671 liquidi
465 2589 586 2652 flevere
603 2590 702 2652 lacus.

312 2693 386 2756 Ibat
402 2702 436 2756 et
454 2693 630 2776 Hippolyti
647 2693 757 2774 proles
774 2691 997 2774 pulcherrima
1013 2691 1109 2766 bello,

149 2856 152 2860 .
266 2796 410 2873 Virbius,
427 2796 592 2878 insignem
610 2817 708 2878 quem
725 2805 831 2858 mater
847 2795 963 2858 Aricia
980 2795 1076 2869 misit,

268 2901 434 2964 Eductum
453 2900 596 2982 Egeriae
612 2901 695 2963 lucis
712 2899 858 2962 umentia
874 2901 997 2962 circum

269 3004 392 3080 Litora,
409 3003 542 3086 pinguis
560 3003 615 3066 ubi
631 3014 664 3066 et
680 3004 851 3086 placabilis
868 3023 925 3065 ara
945 3003 1082 3065 Dianae.

181 3119 226 3186 7⁶5
269 3110 423 3191 Namque
461 3109 573 3171 lerunt
607 3108 698 3169 fama
734 3107 966 3191 Hippolytum,
1000 3116 1177 3188 postquam
1212 3116 1280 3168 arte
1391 3057 1394 3223 l

354 3233 515 3276 novercae

268 3317 437 3381 Occiderit
453 3316 643 3399 patriasque
660 3318 801 3399 explerit
818 3317 980 3397 sanguine
998 3335 1125 3396 poenas

267 3420 424 3484 Turbatis
440 3422 617 3484 distractus
634 3423 736 3504 equis,
755 3421 796 3483 ad
814 3410 922 3484 sidera
938 3439 1052 3481 rursus

269 3524 429 3586 Aetheria
444 3534 477 3587 et
494 3545 631 3606 superas
648 3524 730 3588 caeli
747 3526 877 3587 venisse
895 3523 956 3586 sub
973 3541 1079 3596 auras,

271 3627 421 3689 Paeoniis
438 3637 627 3689 revocatum
645 3627 755 3690 herbis
772 3636 804 3688 et
821 3647 932 3690 amore
952 3627 1090 3688 Dianae.

183 3753 231 3805 77⁰
268 3730 354 3791 Tum
374 3730 471 3791 Pater
487 3730 707 3811 omnipotens
726 3729 868 3811 aliquem
889 3730 1081 3810 indignatus
1098 3730 1141 3792 ab
1159 3730 1282 3793 umbris

220 3839 223 3845 '
272 3832 450 3896 Mortalem
467 3831 605 3894 infernis
621 3831 662 3894 ad
678 3832 803 3894 lumina
820 3853 955 3913 surgere
974 3834 1067 3906 vitae,
