<?xml version="1.0" encoding="UTF-8"?>
<!DOCTYPE html PUBLIC "-//W3C//DTD XHTML 1.0 Transitional//EN"
    "http://www.w3.org/TR/xhtml1/DTD/xhtml1-transitional.dtd">
<html xmlns="http://www.w3.org/1999/xhtml" xml:lang="en" lang="en">
 <head>
  <title>
</title>
<meta http-equiv="Content-Type" content="text/html;charset=utf-8" />
  <meta name='ocr-system' content='tesseract 3.04.00' />
  <meta name='ocr-capabilities' content='ocr_page ocr_carea ocr_par ocr_line ocrx_word'/>
</head>
<body>
  <div class='ocr_page' id='page_1' title='image "./virgilsaeneidbo00denngoog_0324.png"; bbox 0 0 2816 4282; ppageno 0'>
   <div class='ocr_carea' id='block_1_1' title="bbox 359 321 1188 403">
    <p class='ocr_par' dir='ltr' id='par_1_1' title="bbox 359 321 1188 403">
     <span class='ocr_line' id='line_1_1' title="bbox 359 321 1188 403; baseline 0.016 -29"><span class='ocrx_word' id='word_1_1' title='bbox 359 389 362 396; x_wconf 34' lang='grc'>,</span> <span class='ocrx_word' id='word_1_2' title='bbox 456 321 571 376; x_wconf 71' lang='lat' dir='ltr'>meme</span> <span class='ocrx_word' id='word_1_3' title='bbox 599 323 829 380; x_wconf 82' lang='lat' dir='ltr'>unnacmus</span> <span class='ocrx_word' id='word_1_4' title='bbox 1129 335 1188 403; x_wconf 80' lang='lat'>305</span> 
     </span>
    </p>
   </div>
   <div class='ocr_carea' id='block_1_2' title="bbox 160 501 1095 591">
    <p class='ocr_par' dir='ltr' id='par_1_2' title="bbox 160 501 1095 591">
     <span class='ocr_line' id='line_1_2' title="bbox 160 501 1095 591; baseline 0.007 -26"><span class='ocrx_word' id='word_1_5' title='bbox 160 501 225 566; x_wconf 89' lang='lat' dir='ltr'>Tot</span> <span class='ocrx_word' id='word_1_6' title='bbox 241 502 389 588; x_wconf 89' lang='lat' dir='ltr'>Phrygii</span> <span class='ocrx_word' id='word_1_7' title='bbox 406 503 558 567; x_wconf 83' lang='lat' dir='ltr'><strong>cecidere</strong></span> <span class='ocrx_word' id='word_1_8' title='bbox 574 503 643 567; x_wconf 91' lang='lat' dir='ltr'>viri.</span> <span class='ocrx_word' id='word_1_9' title='bbox 692 505 808 569; x_wconf 90' lang='lat' dir='ltr'>Procul</span> <span class='ocrx_word' id='word_1_10' title='bbox 827 506 978 591; x_wconf 88' lang='lat' dir='ltr'>Ornytus</span> <span class='ocrx_word' id='word_1_11' title='bbox 995 509 1095 572; x_wconf 90' lang='lat' dir='ltr'>armis</span> 
     </span>
    </p>
   </div>
   <div class='ocr_carea' id='block_1_3' title="bbox 84 607 1186 3812">
    <p class='ocr_par' dir='ltr' id='par_1_3' title="bbox 163 607 888 794">
     <span class='ocr_line' id='line_1_3' title="bbox 163 607 888 693; baseline 0.008 -25"><span class='ocrx_word' id='word_1_12' title='bbox 163 607 295 688; x_wconf 86' lang='lat' dir='ltr'>Ignotis</span> <span class='ocrx_word' id='word_1_13' title='bbox 313 617 349 671; x_wconf 91' lang='lat' dir='ltr'>et</span> <span class='ocrx_word' id='word_1_14' title='bbox 367 625 457 690; x_wconf 92' lang='lat' dir='ltr'>equo</span> <span class='ocrx_word' id='word_1_15' title='bbox 472 617 610 671; x_wconf 91' lang='lat' dir='ltr'>venator</span> <span class='ocrx_word' id='word_1_16' title='bbox 628 608 758 693; x_wconf 85' lang='lat' dir='ltr'>Iapyge</span> <span class='ocrx_word' id='word_1_17' title='bbox 774 610 888 686; x_wconf 87' lang='lat' dir='ltr'>fertur,</span> 
     </span>
     <span class='ocr_line' id='line_1_4' title="bbox 163 709 888 794; baseline 0.004 -20"><span class='ocrx_word' id='word_1_18' title='bbox 163 709 225 774; x_wconf 92' lang='lat' dir='ltr'>Cui</span> <span class='ocrx_word' id='word_1_19' title='bbox 242 711 346 794; x_wconf 92' lang='lat' dir='ltr'>pellis</span> <span class='ocrx_word' id='word_1_20' title='bbox 363 711 450 774; x_wconf 89' lang='lat' dir='ltr'>latos</span> <span class='ocrx_word' id='word_1_21' title='bbox 468 731 599 774; x_wconf 92' lang='lat' dir='ltr'>umeros</span> <span class='ocrx_word' id='word_1_22' title='bbox 616 723 731 794; x_wconf 88' lang='lat' dir='ltr'>erepta</span> <span class='ocrx_word' id='word_1_23' title='bbox 747 714 888 777; x_wconf 89' lang='lat' dir='ltr'>iuvenco</span> 
     </span>
    </p>

    <p class='ocr_par' dir='ltr' id='par_1_4' title="bbox 84 815 1058 1212">
     <span class='ocr_line' id='line_1_5' title="bbox 84 815 953 899; baseline 0.007 -22"><span class='ocrx_word' id='word_1_24' title='bbox 84 827 126 876; x_wconf 78' lang='lat'>680</span> <span class='ocrx_word' id='word_1_25' title='bbox 164 815 353 897; x_wconf 90' lang='lat' dir='ltr'>Pugnatori</span> <span class='ocrx_word' id='word_1_26' title='bbox 371 817 490 896; x_wconf 89' lang='lat' dir='ltr'>operit,</span> <span class='ocrx_word' id='word_1_27' title='bbox 507 827 608 898; x_wconf 92' lang='lat' dir='ltr'>caput</span> <span class='ocrx_word' id='word_1_28' title='bbox 624 817 744 899; x_wconf 90' lang='lat' dir='ltr'>ingens</span> <span class='ocrx_word' id='word_1_29' title='bbox 760 819 826 881; x_wconf 91' lang='lat' dir='ltr'>oris</span> <span class='ocrx_word' id='word_1_30' title='bbox 843 820 953 883; x_wconf 86' lang='lat' dir='ltr'><strong>hiatus</strong></span> 
     </span>
     <span class='ocr_line' id='line_1_6' title="bbox 166 919 926 1001; baseline 0.005 -19"><span class='ocrx_word' id='word_1_31' title='bbox 166 920 210 982; x_wconf 92' lang='lat' dir='ltr'>Et</span> <span class='ocrx_word' id='word_1_32' title='bbox 224 920 338 982; x_wconf 90' lang='lat' dir='ltr'>malae</span> <span class='ocrx_word' id='word_1_33' title='bbox 355 928 469 982; x_wconf 89' lang='lat' dir='ltr'>texere</span> <span class='ocrx_word' id='word_1_34' title='bbox 486 919 553 1001; x_wconf 91' lang='lat' dir='ltr'>lupi</span> <span class='ocrx_word' id='word_1_35' title='bbox 570 941 645 983; x_wconf 93' lang='lat' dir='ltr'>cum</span> <span class='ocrx_word' id='word_1_36' title='bbox 663 922 818 985; x_wconf 86' lang='lat' dir='ltr'>dentibus</span> <span class='ocrx_word' id='word_1_37' title='bbox 835 924 926 998; x_wconf 88' lang='lat' dir='ltr'>albis,</span> 
     </span>
     <span class='ocr_line' id='line_1_7' title="bbox 167 1023 1058 1109; baseline 0.008 -24"><span class='ocrx_word' id='word_1_38' title='bbox 167 1023 395 1106; x_wconf 88' lang='lat' dir='ltr'>Agrestisque</span> <span class='ocrx_word' id='word_1_39' title='bbox 412 1043 531 1086; x_wconf 88' lang='lat' dir='ltr'>manus</span> <span class='ocrx_word' id='word_1_40' title='bbox 547 1035 653 1087; x_wconf 91' lang='lat' dir='ltr'>armat</span> <span class='ocrx_word' id='word_1_41' title='bbox 670 1045 807 1106; x_wconf 86' lang='lat' dir='ltr'>sparus;</span> <span class='ocrx_word' id='word_1_42' title='bbox 830 1028 901 1109; x_wconf 90' lang='lat' dir='ltr'>ipse</span> <span class='ocrx_word' id='word_1_43' title='bbox 918 1031 1058 1092; x_wconf 89' lang='lat' dir='ltr'>catervis</span> 
     </span>
     <span class='ocr_line' id='line_1_8' title="bbox 165 1124 1011 1212; baseline 0.004 -21"><span class='ocrx_word' id='word_1_44' title='bbox 165 1127 317 1191; x_wconf 84' lang='lat' dir='ltr'>Vertitur</span> <span class='ocrx_word' id='word_1_45' title='bbox 334 1127 368 1190; x_wconf 92' lang='lat' dir='ltr'>in</span> <span class='ocrx_word' id='word_1_46' title='bbox 387 1127 513 1203; x_wconf 92' lang='lat' dir='ltr'>mediis,</span> <span class='ocrx_word' id='word_1_47' title='bbox 532 1139 564 1192; x_wconf 92' lang='lat' dir='ltr'>et</span> <span class='ocrx_word' id='word_1_48' title='bbox 580 1137 651 1193; x_wconf 85' lang='lat' dir='ltr'>toto</span> <span class='ocrx_word' id='word_1_49' title='bbox 667 1130 790 1193; x_wconf 89' lang='lat' dir='ltr'>vertice</span> <span class='ocrx_word' id='word_1_50' title='bbox 807 1151 907 1212; x_wconf 86' lang='lat' dir='ltr'>supra</span> <span class='ocrx_word' id='word_1_51' title='bbox 923 1141 982 1195; x_wconf 89' lang='lat' dir='ltr'>est.</span> <span class='ocrx_word' id='word_1_52' title='bbox 1007 1124 1011 1131; x_wconf 71' lang='grc'><strong>’</strong></span> 
     </span>
    </p>

    <p class='ocr_par' dir='ltr' id='par_1_5' title="bbox 169 1231 1168 1316">
     <span class='ocr_line' id='line_1_9' title="bbox 169 1231 1168 1316; baseline 0.008 -24"><span class='ocrx_word' id='word_1_53' title='bbox 169 1231 270 1295; x_wconf 91' lang='lat' dir='ltr'>Hunc</span> <span class='ocrx_word' id='word_1_54' title='bbox 287 1232 345 1295; x_wconf 90' lang='lat' dir='ltr'>illa</span> <span class='ocrx_word' id='word_1_55' title='bbox 361 1241 548 1313; x_wconf 90' lang='lat' dir='ltr'>exceptum,</span> <span class='ocrx_word' id='word_1_56' title='bbox 566 1234 780 1315; x_wconf 89' lang='lat' dir='ltr'>nequeenim</span> <span class='ocrx_word' id='word_1_57' title='bbox 797 1235 898 1311; x_wconf 92' lang='lat' dir='ltr'>labor,</span> <span class='ocrx_word' id='word_1_58' title='bbox 916 1237 1049 1316; x_wconf 85' lang='lat' dir='ltr'>agmine</span> <span class='ocrx_word' id='word_1_59' title='bbox 1064 1257 1168 1313; x_wconf 90' lang='lat' dir='ltr'>verso,</span> 
     </span>
    </p>

    <p class='ocr_par' dir='ltr' id='par_1_6' title="bbox 90 1336 1002 1420">
     <span class='ocr_line' id='line_1_10' title="bbox 90 1336 1002 1420; baseline 0.01 -27"><span class='ocrx_word' id='word_1_60' title='bbox 90 1343 131 1409; x_wconf 81' lang='lat'>685</span> <span class='ocrx_word' id='word_1_61' title='bbox 169 1336 305 1411; x_wconf 88' lang='lat' dir='ltr'>Traicit,</span> <span class='ocrx_word' id='word_1_62' title='bbox 323 1344 357 1399; x_wconf 91' lang='lat' dir='ltr'>et</span> <span class='ocrx_word' id='word_1_63' title='bbox 373 1355 476 1417; x_wconf 88' lang='lat' dir='ltr'>super</span> <span class='ocrx_word' id='word_1_64' title='bbox 493 1337 575 1400; x_wconf 87' lang='lat' dir='ltr'>haec</span> <span class='ocrx_word' id='word_1_65' title='bbox 591 1337 725 1400; x_wconf 92' lang='lat' dir='ltr'>inimico</span> <span class='ocrx_word' id='word_1_66' title='bbox 742 1348 877 1420; x_wconf 85' lang='lat' dir='ltr'>pectore</span> <span class='ocrx_word' id='word_1_67' title='bbox 893 1339 1002 1402; x_wconf 79' lang='lat' dir='ltr'>latur:</span> 
     </span>
    </p>

    <p class='ocr_par' dir='ltr' id='par_1_7' title="bbox 152 1440 976 1524">
     <span class='ocr_line' id='line_1_11' title="bbox 152 1440 976 1524; baseline 0.004 -21"><span class='ocrx_word' id='word_1_68' title='bbox 152 1510 156 1518; x_wconf 55' lang='grc'><strong>,</strong></span> <span class='ocrx_word' id='word_1_69' title='bbox 170 1440 299 1504; x_wconf 85' lang='lat' dir='ltr'>“Silvis</span> <span class='ocrx_word' id='word_1_70' title='bbox 315 1449 358 1516; x_wconf 86' lang='lat' dir='ltr'>te,</span> <span class='ocrx_word' id='word_1_71' title='bbox 377 1440 562 1524; x_wconf 89' lang='lat' dir='ltr'>Tyrrhene,</span> <span class='ocrx_word' id='word_1_72' title='bbox 580 1441 669 1504; x_wconf 83' lang='lat' dir='ltr'>feras</span> <span class='ocrx_word' id='word_1_73' title='bbox 686 1441 812 1523; x_wconf 90' lang='lat' dir='ltr'>agitare</span> <span class='ocrx_word' id='word_1_74' title='bbox 829 1443 976 1524; x_wconf 89' lang='lat' dir='ltr'>putasti?</span> 
     </span>
    </p>

    <p class='ocr_par' dir='ltr' id='par_1_8' title="bbox 169 1544 953 1626">
     <span class='ocr_line' id='line_1_12' title="bbox 169 1544 953 1626; baseline 0.004 -20"><span class='ocrx_word' id='word_1_75' title='bbox 169 1544 318 1606; x_wconf 88' lang='lat' dir='ltr'>Advenit</span> <span class='ocrx_word' id='word_1_76' title='bbox 334 1544 391 1626; x_wconf 92' lang='lat' dir='ltr'>qui</span> <span class='ocrx_word' id='word_1_77' title='bbox 406 1546 518 1607; x_wconf 84' lang='lat' dir='ltr'>vestra</span> <span class='ocrx_word' id='word_1_78' title='bbox 533 1545 605 1608; x_wconf 91' lang='lat' dir='ltr'>dies</span> <span class='ocrx_word' id='word_1_79' title='bbox 622 1546 837 1610; x_wconf 85' lang='lat' dir='ltr'>muliebribus</span> <span class='ocrx_word' id='word_1_80' title='bbox 853 1547 953 1610; x_wconf 92' lang='lat' dir='ltr'>armis</span> 
     </span>
    </p>

    <p class='ocr_par' dir='ltr' id='par_1_9' title="bbox 169 1647 1168 1828">
     <span class='ocr_line' id='line_1_13' title="bbox 169 1647 1168 1734; baseline 0.005 -24"><span class='ocrx_word' id='word_1_81' title='bbox 169 1647 281 1710; x_wconf 91' lang='lat' dir='ltr'>Verba</span> <span class='ocrx_word' id='word_1_82' title='bbox 298 1647 516 1729; x_wconf 87' lang='lat' dir='ltr'>redarguerit.</span> <span class='ocrx_word' id='word_1_83' title='bbox 566 1649 698 1712; x_wconf 90' lang='lat' dir='ltr'>Nomen</span> <span class='ocrx_word' id='word_1_84' title='bbox 716 1658 826 1712; x_wconf 88' lang='lat' dir='ltr'>tamen</span> <span class='ocrx_word' id='word_1_85' title='bbox 844 1651 933 1713; x_wconf 87' lang='lat' dir='ltr'>haud</span> <span class='ocrx_word' id='word_1_86' title='bbox 950 1653 1021 1715; x_wconf 91' lang='lat' dir='ltr'>leve</span> <span class='ocrx_word' id='word_1_87' title='bbox 1039 1662 1168 1734; x_wconf 87' lang='lat' dir='ltr'>patrum</span> 
     </span>
     <span class='ocr_line' id='line_1_14' title="bbox 171 1751 1030 1828; baseline 0.005 -14"><span class='ocrx_word' id='word_1_88' title='bbox 171 1751 328 1816; x_wconf 89' lang='lat' dir='ltr'>Manibus</span> <span class='ocrx_word' id='word_1_89' title='bbox 345 1752 410 1815; x_wconf 94' lang='lat' dir='ltr'>hoc</span> <span class='ocrx_word' id='word_1_90' title='bbox 426 1752 561 1828; x_wconf 80' lang='lat' dir='ltr'>referes,</span> <span class='ocrx_word' id='word_1_91' title='bbox 579 1753 646 1816; x_wconf 93' lang='lat' dir='ltr'>telo</span> <span class='ocrx_word' id='word_1_92' title='bbox 662 1753 822 1817; x_wconf 91' lang='lat' dir='ltr'>cecidisse</span> <span class='ocrx_word' id='word_1_93' title='bbox 839 1755 1030 1820; x_wconf 88' lang='lat' dir='ltr'>Camillae.&#39;&#39;</span> 
     </span>
    </p>

    <p class='ocr_par' dir='ltr' id='par_1_10' title="bbox 94 1855 1186 2357">
     <span class='ocr_line' id='line_1_15' title="bbox 94 1855 1186 1933; baseline 0.005 -15"><span class='ocrx_word' id='word_1_94' title='bbox 94 1866 134 1930; x_wconf 80' lang='lat'>690</span> <span class='ocrx_word' id='word_1_95' title='bbox 212 1855 368 1919; x_wconf 90' lang='lat' dir='ltr'>Protinus</span> <span class='ocrx_word' id='word_1_96' title='bbox 382 1856 596 1921; x_wconf 90' lang='lat' dir='ltr'>Orsilochum</span> <span class='ocrx_word' id='word_1_97' title='bbox 609 1867 642 1920; x_wconf 90' lang='lat' dir='ltr'>et</span> <span class='ocrx_word' id='word_1_98' title='bbox 657 1859 775 1933; x_wconf 84' lang='lat' dir='ltr'>Buten,</span> <span class='ocrx_word' id='word_1_99' title='bbox 787 1859 853 1922; x_wconf 93' lang='lat' dir='ltr'>duo</span> <span class='ocrx_word' id='word_1_100' title='bbox 865 1859 1008 1922; x_wconf 88' lang='lat' dir='ltr'>maxima</span> <span class='ocrx_word' id='word_1_101' title='bbox 1021 1861 1186 1923; x_wconf 89' lang='lat' dir='ltr'>Teucrum</span> 
     </span>
     <span class='ocr_line' id='line_1_16' title="bbox 171 1959 959 2042; baseline 0 -18"><span class='ocrx_word' id='word_1_102' title='bbox 171 1959 338 2041; x_wconf 86' lang='lat' dir='ltr'>Corpora:</span> <span class='ocrx_word' id='word_1_103' title='bbox 362 1960 421 2023; x_wconf 92' lang='lat' dir='ltr'>sed</span> <span class='ocrx_word' id='word_1_104' title='bbox 441 1961 548 2022; x_wconf 87' lang='lat' dir='ltr'>Buten</span> <span class='ocrx_word' id='word_1_105' title='bbox 566 1981 719 2024; x_wconf 89' lang='lat' dir='ltr'>aversum</span> <span class='ocrx_word' id='word_1_106' title='bbox 736 1963 874 2042; x_wconf 87' lang='lat' dir='ltr'>cuspide</span> <span class='ocrx_word' id='word_1_107' title='bbox 891 1963 959 2025; x_wconf 85' lang='lat' dir='ltr'>fixit</span> 
     </span>
     <span class='ocr_line' id='line_1_17' title="bbox 172 2063 999 2148; baseline 0.007 -24"><span class='ocrx_word' id='word_1_108' title='bbox 172 2063 324 2128; x_wconf 88' lang='lat' dir='ltr'>Loricam</span> <span class='ocrx_word' id='word_1_109' title='bbox 342 2063 540 2146; x_wconf 87' lang='lat' dir='ltr'>galeamque</span> <span class='ocrx_word' id='word_1_110' title='bbox 555 2066 652 2140; x_wconf 93' lang='lat' dir='ltr'>inter,</span> <span class='ocrx_word' id='word_1_111' title='bbox 670 2085 736 2148; x_wconf 87' lang='lat' dir='ltr'>qua</span> <span class='ocrx_word' id='word_1_112' title='bbox 751 2067 835 2129; x_wconf 91' lang='lat' dir='ltr'>colla</span> <span class='ocrx_word' id='word_1_113' title='bbox 853 2067 999 2130; x_wconf 89' lang='lat' dir='ltr'>sedentis</span> 
     </span>
     <span class='ocr_line' id='line_1_18' title="bbox 173 2167 946 2251; baseline 0.006 -23"><span class='ocrx_word' id='word_1_114' title='bbox 173 2167 309 2243; x_wconf 80' lang='lat' dir='ltr'>Lucem,</span> <span class='ocrx_word' id='word_1_115' title='bbox 328 2176 362 2230; x_wconf 92' lang='lat' dir='ltr'>et</span> <span class='ocrx_word' id='word_1_116' title='bbox 378 2167 473 2230; x_wconf 85' lang='lat' dir='ltr'>laevo</span> <span class='ocrx_word' id='word_1_117' title='bbox 490 2168 657 2250; x_wconf 90' lang='lat' dir='ltr'>dependet</span> <span class='ocrx_word' id='word_1_118' title='bbox 673 2189 789 2251; x_wconf 84' lang='lat' dir='ltr'>parma</span> <span class='ocrx_word' id='word_1_119' title='bbox 806 2171 946 2247; x_wconf 89' lang='lat' dir='ltr'>lacerto;</span> 
     </span>
     <span class='ocr_line' id='line_1_19' title="bbox 171 2271 1132 2357; baseline 0.002 -22"><span class='ocrx_word' id='word_1_120' title='bbox 171 2271 382 2335; x_wconf 91' lang='lat' dir='ltr'>Orsilochum</span> <span class='ocrx_word' id='word_1_121' title='bbox 400 2272 533 2352; x_wconf 80' lang='lat' dir='ltr'>lugiens</span> <span class='ocrx_word' id='word_1_122' title='bbox 551 2293 776 2356; x_wconf 89' lang='lat' dir='ltr'>magnumque</span> <span class='ocrx_word' id='word_1_123' title='bbox 792 2275 917 2355; x_wconf 88' lang='lat' dir='ltr'>agitata</span> <span class='ocrx_word' id='word_1_124' title='bbox 934 2295 994 2357; x_wconf 91' lang='lat' dir='ltr'>per</span> <span class='ocrx_word' id='word_1_125' title='bbox 1010 2275 1132 2350; x_wconf 86' lang='lat' dir='ltr'>orbem,</span> 
     </span>
    </p>

    <p class='ocr_par' dir='ltr' id='par_1_11' title="bbox 96 2375 1015 2460">
     <span class='ocr_line' id='line_1_20' title="bbox 96 2375 1015 2460; baseline 0.005 -23"><span class='ocrx_word' id='word_1_126' title='bbox 96 2384 134 2448; x_wconf 81' lang='lat'>⁶95</span> <span class='ocrx_word' id='word_1_127' title='bbox 174 2375 288 2438; x_wconf 90' lang='lat' dir='ltr'>Eludit</span> <span class='ocrx_word' id='word_1_128' title='bbox 303 2395 388 2460; x_wconf 91' lang='lat' dir='ltr'>gyro</span> <span class='ocrx_word' id='word_1_129' title='bbox 405 2375 550 2452; x_wconf 91' lang='lat' dir='ltr'>interior,</span> <span class='ocrx_word' id='word_1_130' title='bbox 568 2379 782 2459; x_wconf 89' lang='lat' dir='ltr'>sequiturque</span> <span class='ocrx_word' id='word_1_131' title='bbox 800 2388 1015 2460; x_wconf 89' lang='lat' dir='ltr'>sequentem;</span> 
     </span>
    </p>

    <p class='ocr_par' dir='ltr' id='par_1_12' title="bbox 96 2479 1154 2977">
     <span class='ocr_line' id='line_1_21' title="bbox 168 2479 1154 2564; baseline 0.002 -22"><span class='ocrx_word' id='word_1_132' title='bbox 168 2479 254 2542; x_wconf 93' lang='lat' dir='ltr'>Tum</span> <span class='ocrx_word' id='word_1_133' title='bbox 270 2479 416 2542; x_wconf 88' lang='lat' dir='ltr'>validam</span> <span class='ocrx_word' id='word_1_134' title='bbox 434 2499 559 2562; x_wconf 91' lang='lat' dir='ltr'>perque</span> <span class='ocrx_word' id='word_1_135' title='bbox 576 2501 669 2543; x_wconf 86' lang='lat' dir='ltr'>arma</span> <span class='ocrx_word' id='word_1_136' title='bbox 683 2481 754 2546; x_wconf 89' lang='lat' dir='ltr'>viro</span> <span class='ocrx_word' id='word_1_137' title='bbox 770 2502 894 2564; x_wconf 90' lang='lat' dir='ltr'>perque</span> <span class='ocrx_word' id='word_1_138' title='bbox 911 2503 987 2546; x_wconf 85' lang='lat' dir='ltr'>ossa</span> <span class='ocrx_word' id='word_1_139' title='bbox 1004 2483 1154 2558; x_wconf 89' lang='lat' dir='ltr'>securim,</span> 
     </span>
     <span class='ocr_line' id='line_1_22' title="bbox 170 2584 949 2667; baseline 0.004 -22"><span class='ocrx_word' id='word_1_140' title='bbox 170 2584 280 2646; x_wconf 90' lang='lat' dir='ltr'>Altior</span> <span class='ocrx_word' id='word_1_141' title='bbox 295 2603 488 2664; x_wconf 88' lang='lat' dir='ltr'>exsurgens,</span> <span class='ocrx_word' id='word_1_142' title='bbox 506 2587 613 2648; x_wconf 91' lang='lat' dir='ltr'>oranti</span> <span class='ocrx_word' id='word_1_143' title='bbox 631 2595 663 2648; x_wconf 87' lang='lat' dir='ltr'>et</span> <span class='ocrx_word' id='word_1_144' title='bbox 680 2586 783 2648; x_wconf 91' lang='lat' dir='ltr'>multa</span> <span class='ocrx_word' id='word_1_145' title='bbox 800 2587 949 2667; x_wconf 89' lang='lat' dir='ltr'>precanti</span> 
     </span>
     <span class='ocr_line' id='line_1_23' title="bbox 169 2687 1018 2770; baseline 0.002 -19"><span class='ocrx_word' id='word_1_146' title='bbox 169 2687 410 2768; x_wconf 86' lang='lat' dir='ltr'>Congeminat;</span> <span class='ocrx_word' id='word_1_147' title='bbox 435 2688 556 2752; x_wconf 90' lang='lat' dir='ltr'>vulnus</span> <span class='ocrx_word' id='word_1_148' title='bbox 573 2689 681 2752; x_wconf 93' lang='lat' dir='ltr'>calido</span> <span class='ocrx_word' id='word_1_149' title='bbox 696 2691 783 2770; x_wconf 88' lang='lat' dir='ltr'>rigat</span> <span class='ocrx_word' id='word_1_150' title='bbox 799 2710 856 2754; x_wconf 90' lang='lat' dir='ltr'>ora</span> <span class='ocrx_word' id='word_1_151' title='bbox 872 2691 1018 2754; x_wconf 92' lang='lat' dir='ltr'>cerebro.</span> 
     </span>
     <span class='ocr_line' id='line_1_24' title="bbox 213 2791 1048 2874; baseline 0.007 -22"><span class='ocrx_word' id='word_1_152' title='bbox 213 2791 335 2854; x_wconf 89' lang='lat' dir='ltr'>Incidit</span> <span class='ocrx_word' id='word_1_153' title='bbox 351 2791 429 2854; x_wconf 90' lang='lat' dir='ltr'>huic</span> <span class='ocrx_word' id='word_1_154' title='bbox 445 2792 619 2874; x_wconf 92' lang='lat' dir='ltr'>subitoque</span> <span class='ocrx_word' id='word_1_155' title='bbox 636 2803 774 2874; x_wconf 88' lang='lat' dir='ltr'>aspectu</span> <span class='ocrx_word' id='word_1_156' title='bbox 791 2794 924 2857; x_wconf 91' lang='lat' dir='ltr'>territus</span> <span class='ocrx_word' id='word_1_157' title='bbox 941 2795 1048 2858; x_wconf 85' lang='lat' dir='ltr'>haesit</span> 
     </span>
     <span class='ocr_line' id='line_1_25' title="bbox 96 2895 836 2977; baseline 0.005 -22"><span class='ocrx_word' id='word_1_158' title='bbox 96 2919 134 2965; x_wconf 84' lang='lat'>700</span> <span class='ocrx_word' id='word_1_159' title='bbox 171 2895 461 2977; x_wconf 89' lang='lat' dir='ltr'>Appenninicolae</span> <span class='ocrx_word' id='word_1_160' title='bbox 476 2895 617 2960; x_wconf 90' lang='lat' dir='ltr'>bellator</span> <span class='ocrx_word' id='word_1_161' title='bbox 632 2897 718 2960; x_wconf 88' lang='lat' dir='ltr'>filius</span> <span class='ocrx_word' id='word_1_162' title='bbox 736 2897 836 2972; x_wconf 90' lang='lat' dir='ltr'>Auni,</span> 
     </span>
    </p>

    <p class='ocr_par' dir='ltr' id='par_1_13' title="bbox 147 2987 1144 3396">
     <span class='ocr_line' id='line_1_26' title="bbox 147 2987 1144 3080; baseline 0.005 -20"><span class='ocrx_word' id='word_1_163' title='bbox 147 2987 149 2990; x_wconf 35' lang='lat'>⁵</span> <span class='ocrx_word' id='word_1_164' title='bbox 173 2999 273 3062; x_wconf 88' lang='lat' dir='ltr'>Haud</span> <span class='ocrx_word' id='word_1_165' title='bbox 292 2999 454 3080; x_wconf 85' lang='lat' dir='ltr'>Ligurum</span> <span class='ocrx_word' id='word_1_166' title='bbox 471 3009 648 3076; x_wconf 72' lang='lat' dir='ltr'>extremus</span> <span class='ocrx_word' id='word_1_167' title='bbox 666 3002 745 3064; x_wconf 95' lang='lat' dir='ltr'>dum</span> <span class='ocrx_word' id='word_1_168' title='bbox 763 3002 880 3065; x_wconf 82' lang='lat' dir='ltr'>fallere</span> <span class='ocrx_word' id='word_1_169' title='bbox 897 3003 1144 3065; x_wconf 83' lang='lat' dir='ltr'>fata-sinebant.</span> 
     </span>
     <span class='ocr_line' id='line_1_27' title="bbox 172 3103 1018 3188; baseline 0.005 -23"><span class='ocrx_word' id='word_1_170' title='bbox 172 3103 283 3185; x_wconf 88' lang='lat' dir='ltr'>isque,</span> <span class='ocrx_word' id='word_1_171' title='bbox 300 3103 356 3166; x_wconf 94' lang='lat' dir='ltr'>ubi</span> <span class='ocrx_word' id='word_1_172' title='bbox 373 3121 409 3167; x_wconf 90' lang='lat' dir='ltr'>se</span> <span class='ocrx_word' id='word_1_173' title='bbox 426 3104 516 3168; x_wconf 92' lang='lat' dir='ltr'>nullo</span> <span class='ocrx_word' id='word_1_174' title='bbox 533 3105 598 3168; x_wconf 92' lang='lat' dir='ltr'>iam</span> <span class='ocrx_word' id='word_1_175' title='bbox 616 3125 714 3168; x_wconf 92' lang='lat' dir='ltr'>cursu</span> <span class='ocrx_word' id='word_1_176' title='bbox 731 3107 872 3170; x_wconf 90' lang='lat' dir='ltr'>evadere</span> <span class='ocrx_word' id='word_1_177' title='bbox 885 3127 1018 3188; x_wconf 91' lang='lat' dir='ltr'>pugnae</span> 
     </span>
     <span class='ocr_line' id='line_1_28' title="bbox 172 3209 1057 3292; baseline 0.003 -22"><span class='ocrx_word' id='word_1_178' title='bbox 172 3209 271 3271; x_wconf 87' lang='lat' dir='ltr'>Posse</span> <span class='ocrx_word' id='word_1_179' title='bbox 288 3227 398 3291; x_wconf 92' lang='lat' dir='ltr'>neque</span> <span class='ocrx_word' id='word_1_180' title='bbox 414 3209 592 3274; x_wconf 87' lang='lat' dir='ltr'>instantem</span> <span class='ocrx_word' id='word_1_181' title='bbox 612 3211 759 3292; x_wconf 88' lang='lat' dir='ltr'>reginam</span> <span class='ocrx_word' id='word_1_182' title='bbox 778 3220 927 3274; x_wconf 90' lang='lat' dir='ltr'>avertere</span> <span class='ocrx_word' id='word_1_183' title='bbox 944 3211 1057 3286; x_wconf 89' lang='lat' dir='ltr'>cernit,</span> 
     </span>
     <span class='ocr_line' id='line_1_29' title="bbox 171 3312 913 3396; baseline 0.003 -20"><span class='ocrx_word' id='word_1_184' title='bbox 171 3312 317 3376; x_wconf 88' lang='lat' dir='ltr'>Consilio</span> <span class='ocrx_word' id='word_1_185' title='bbox 332 3333 466 3377; x_wconf 88' lang='lat' dir='ltr'>versare</span> <span class='ocrx_word' id='word_1_186' title='bbox 482 3315 575 3378; x_wconf 91' lang='lat' dir='ltr'>dolos</span> <span class='ocrx_word' id='word_1_187' title='bbox 593 3315 763 3396; x_wconf 89' lang='lat' dir='ltr'>ingressus</span> <span class='ocrx_word' id='word_1_188' title='bbox 780 3326 813 3378; x_wconf 91' lang='lat' dir='ltr'>et</span> <span class='ocrx_word' id='word_1_189' title='bbox 829 3323 913 3391; x_wconf 89' lang='lat' dir='ltr'>astu,</span> 
     </span>
    </p>

    <p class='ocr_par' dir='ltr' id='par_1_14' title="bbox 100 3416 1143 3812">
     <span class='ocr_line' id='line_1_30' title="bbox 100 3416 1125 3501; baseline 0.005 -24"><span class='ocrx_word' id='word_1_190' title='bbox 100 3435 135 3488; x_wconf 83' lang='lat'>705</span> <span class='ocrx_word' id='word_1_191' title='bbox 173 3416 295 3498; x_wconf 92' lang='lat' dir='ltr'>Incipit</span> <span class='ocrx_word' id='word_1_192' title='bbox 312 3417 412 3480; x_wconf 90' lang='lat' dir='ltr'>haec:</span> <span class='ocrx_word' id='word_1_193' title='bbox 438 3419 559 3501; x_wconf 85' lang='lat' dir='ltr'>“Quid</span> <span class='ocrx_word' id='word_1_194' title='bbox 577 3428 644 3481; x_wconf 94' lang='lat' dir='ltr'>tam</span> <span class='ocrx_word' id='word_1_195' title='bbox 661 3421 843 3500; x_wconf 79' lang='lat' dir='ltr'>egregium,</span> <span class='ocrx_word' id='word_1_196' title='bbox 862 3420 889 3482; x_wconf 90' lang='lat' dir='ltr'>si</span> <span class='ocrx_word' id='word_1_197' title='bbox 906 3418 1031 3483; x_wconf 83' lang='lat' dir='ltr'>femina</span> <span class='ocrx_word' id='word_1_198' title='bbox 1047 3420 1125 3483; x_wconf 82' lang='lat' dir='ltr'>lorti</span> 
     </span>
     <span class='ocr_line' id='line_1_31' title="bbox 172 3519 1143 3607; baseline 0.006 -25"><span class='ocrx_word' id='word_1_199' title='bbox 172 3519 262 3583; x_wconf 89' lang='lat' dir='ltr'>Fidis</span> <span class='ocrx_word' id='word_1_200' title='bbox 278 3522 389 3604; x_wconf 90' lang='lat' dir='ltr'>equo?</span> <span class='ocrx_word' id='word_1_201' title='bbox 436 3522 575 3586; x_wconf 91' lang='lat' dir='ltr'>Dimitte</span> <span class='ocrx_word' id='word_1_202' title='bbox 592 3523 718 3604; x_wconf 82' lang='lat' dir='ltr'>lugam,</span> <span class='ocrx_word' id='word_1_203' title='bbox 736 3534 769 3586; x_wconf 95' lang='lat' dir='ltr'>et</span> <span class='ocrx_word' id='word_1_204' title='bbox 786 3533 818 3586; x_wconf 91' lang='lat' dir='ltr'>te</span> <span class='ocrx_word' id='word_1_205' title='bbox 835 3525 1020 3586; x_wconf 91' lang='lat' dir='ltr'>comminus</span> <span class='ocrx_word' id='word_1_206' title='bbox 1037 3545 1143 3607; x_wconf 88' lang='lat' dir='ltr'>aequo</span> 
     </span>
     <span class='ocr_line' id='line_1_32' title="bbox 173 3625 1073 3718; baseline 0.004 -31"><span class='ocrx_word' id='word_1_207' title='bbox 173 3625 305 3688; x_wconf 91' lang='lat' dir='ltr'>Mecum</span> <span class='ocrx_word' id='word_1_208' title='bbox 324 3626 421 3688; x_wconf 92' lang='lat' dir='ltr'>crede</span> <span class='ocrx_word' id='word_1_209' title='bbox 438 3625 517 3701; x_wconf 87' lang='lat' dir='ltr'>solo,</span> <span class='ocrx_word' id='word_1_210' title='bbox 536 3647 736 3709; x_wconf 90' lang='lat' dir='ltr'>pugnaeque</span> <span class='ocrx_word' id='word_1_211' title='bbox 753 3629 891 3709; x_wconf 89' lang='lat' dir='ltr'>accinge</span> <span class='ocrx_word' id='word_1_212' title='bbox 909 3628 1073 3718; x_wconf 86' lang='lat' dir='ltr'>pedestri:</span> 
     </span>
     <span class='ocr_line' id='line_1_33' title="bbox 171 3727 1040 3812; baseline 0.003 -21"><span class='ocrx_word' id='word_1_213' title='bbox 171 3727 243 3791; x_wconf 90' lang='lat' dir='ltr'>lam</span> <span class='ocrx_word' id='word_1_214' title='bbox 260 3746 387 3804; x_wconf 91' lang='lat' dir='ltr'>nosces,</span> <span class='ocrx_word' id='word_1_215' title='bbox 405 3739 544 3794; x_wconf 88' lang='lat' dir='ltr'>ventosa</span> <span class='ocrx_word' id='word_1_216' title='bbox 562 3732 648 3794; x_wconf 86' lang='lat' dir='ltr'>ferat</span> <span class='ocrx_word' id='word_1_217' title='bbox 665 3731 717 3794; x_wconf 90' lang='lat' dir='ltr'>cui</span> <span class='ocrx_word' id='word_1_218' title='bbox 735 3731 838 3812; x_wconf 86' lang='lat' dir='ltr'>gloria</span> <span class='ocrx_word' id='word_1_219' title='bbox 856 3731 1040 3794; x_wconf 84' lang='lat' dir='ltr'>fraudem.”</span> 
     </span>
    </p>
   </div>
   <div class='ocr_carea' id='block_1_4' title="bbox 173 3833 981 3992">
    <p class='ocr_par' dir='ltr' id='par_1_15' title="bbox 173 3833 981 3992">
     <span class='ocr_line' id='line_1_34' title="bbox 173 3833 981 3916; baseline 0.002 -22"><span class='ocrx_word' id='word_1_220' title='bbox 173 3833 281 3908; x_wconf 87' lang='lat' dir='ltr'>Dixit;</span> <span class='ocrx_word' id='word_1_221' title='bbox 307 3843 341 3895; x_wconf 87' lang='lat' dir='ltr'>at</span> <span class='ocrx_word' id='word_1_222' title='bbox 357 3833 411 3895; x_wconf 90' lang='lat' dir='ltr'>illa</span> <span class='ocrx_word' id='word_1_223' title='bbox 429 3835 544 3896; x_wconf 79' lang='lat' dir='ltr'>[urens</span> <span class='ocrx_word' id='word_1_224' title='bbox 561 3837 693 3916; x_wconf 89' lang='lat' dir='ltr'>acrique</span> <span class='ocrx_word' id='word_1_225' title='bbox 710 3853 851 3897; x_wconf 89' lang='lat' dir='ltr'>accensa</span> <span class='ocrx_word' id='word_1_226' title='bbox 868 3835 981 3896; x_wconf 88' lang='lat' dir='ltr'>dolore</span> 
     </span>
     <span class='ocr_line' id='line_1_35' title="bbox 247 3945 564 3992; baseline 0 0"><span class='ocrx_word' id='word_1_227' title='bbox 247 3945 365 3992; x_wconf 77' lang='lat' dir='ltr'>rsrszn’s</span> <span class='ocrx_word' id='word_1_228' title='bbox 382 3955 564 3992; x_wconf 77' lang='lat' dir='ltr'>neusin—20</span> 
     </span>
    </p>
   </div>
   <div class='ocr_carea' id='block_1_5' title="bbox 0 0 1426 4282">
    <p class='ocr_par' dir='ltr' id='par_1_16' title="bbox 0 0 1426 4282">
     <span class='ocr_line' id='line_1_36' title="bbox 0 0 1426 4282; baseline 0 0"><span class='ocrx_word' id='word_1_229' title='bbox 0 0 1426 4282; x_wconf 95' lang='lat' dir='ltr'> </span> 
     </span>
    </p>
   </div>
  </div>
 </body>
</html>
