2822 4294
197 295 236 375 38
556 295 715 352 veroni
742 295 941 350 Aruernos

196 507 242 544 220
284 480 465 561 Praecipue
482 477 557 561 pius
575 477 710 540 Aenees
727 497 815 540 nunc
832 477 917 540 ecris
934 477 1063 553 Oronti,

285 586 382 647 Nunc
400 584 523 667 Amyci
539 589 652 645 cesum
670 581 772 662 gemit
789 591 823 644 et
839 581 985 644 crudelia
1002 589 1114 645 secum

284 691 367 752 Feta
385 688 476 772 Lyci,
494 687 683 767 fortemque
701 686 809 770 Gyan,
828 684 1016 768 fortemque
1034 687 1245 752 Cloanthum.

327 898 451 962 Etiam
469 897 549 959 finis
565 906 646 971 erat,
664 916 739 958 cum
759 896 912 978 Iuppiter
929 899 1064 961 aethere
1081 906 1211 960 summe

285 1003 482 1084 Despiciens
499 1021 589 1064 marc
605 1001 782 1063 velivolum
800 1009 971 1084 terrisque
987 1003 1134 1066 iacentes

197 1136 242 1186 225
286 1109 464 1190 Litoraque
480 1116 514 1169 et
531 1107 615 1168 laites
633 1105 784 1188 populos,
803 1115 849 1169 sic
865 1107 988 1170 vertice
1005 1108 1088 1170 caeli

283 1211 439 1277 Censtitit
455 1222 488 1275 et
507 1211 634 1295 Libyae
651 1210 767 1273 defixit
783 1210 909 1274 lumina
925 1219 1045 1293 regnis.

282 1316 396 1398 Atque
412 1316 504 1378 illum
521 1316 604 1378 tiles
620 1315 799 1377 iactantem
817 1325 953 1397 pectore
970 1323 1066 1379 cures

283 1420 422 1484 Tristior
438 1429 471 1482 ct
487 1420 631 1483 lacrimis
648 1420 762 1483 ocules
779 1420 909 1482 suffusa
926 1420 1070 1483 nitentes

284 1525 486 1607 Adloquitur
501 1526 638 1588 Venus:
665 1509 721 1588 “Q
739 1533 796 1606 qui
812 1531 864 1586 res
878 1524 1116 1607 hominumque
1132 1526 1301 1606 deumque

196 1657 243 1707 230
285 1630 441 1693 Aeternis
459 1630 547 1710 regis
563 1629 719 1710 imperiis,
737 1638 771 1691 et
787 1628 929 1692 fulmine
944 1637 1058 1704 terres,

284 1733 373 1816 Quid
390 1754 484 1796 meus
501 1733 637 1795 Aeneis
653 1733 687 1795 in
704 1740 737 1795 te
754 1733 961 1796 committere
978 1742 1118 1810 tantum,

284 1838 373 1920 Quid
390 1839 494 1900 Trees
511 1845 659 1919 potuere,
678 1837 807 1919 quibus,
825 1847 875 1900 tot
893 1838 1012 1900 funera
1029 1848 1145 1919 passis,

284 1943 432 2005 Cimetus
449 1941 491 2005 ob
510 1927 639 2004 Italiam
656 1948 818 2004 terrerum
835 1942 1000 2005 clauditur
1016 1941 1124 2006 orbis?

285 2047 383 2109 Certe
400 2047 475 2110 hinc
495 2047 664 2109 Remenes
681 2045 768 2121 elim,
786 2045 997 2109 volventibus
1019 2057 1123 2121 annis,

197 2177 242 2229 ²³5
285 2150 375 2213 Hinc
392 2151 464 2213 iore
480 2151 643 2226 ductereS,
662 2158 818 2212 revocete
833 2157 852 2212 {a
870 2150 1032 2231 sanguine
1048 2152 1178 2227 Teucri,

285 2255 351 2337 Qui
368 2275 466 2331 mare,
485 2265 541 2337 qui
556 2261 662 2318 terres
680 2265 770 2317 omni
786 2255 916 2318 diciene
933 2263 1094 2330 tenerent,

285 2359 467 2435 Pollicitus;
492 2379 577 2442 quae
594 2366 636 2434 te,
655 2359 794 2440 genitor,
813 2361 979 2446 sententia
995 2360 1111 2423 vertit?

286 2463 360 2526 Hec
377 2463 530 2545 equidem
547 2471 701 2526 occisum
720 2463 840 2526 Troiae
859 2471 1036 2545 tristesque
1053 2471 1164 2526 ruines

284 2567 432 2642 Selebar,
450 2568 528 2630 fetis
544 2567 709 2631 contrairia
726 2569 796 2630 feta
812 2568 1016 2650 rependens;

197 2699 244 2746 240
286 2672 385 2735 Nunc
402 2672 519 2735 cadem
536 2674 673 2735 fortuna
690 2673 777 2736 vires
795 2683 843 2736 tot
861 2673 993 2736 caisibus
1009 2680 1101 2736 ectes

285 2761 486 2858 insequitur.
535 2777 644 2859 Quem
661 2777 721 2840 des
739 2779 852 2853 finem,
872 2785 928 2840 rex
944 2785 1074 2858 migne,
1092 2776 1264 2839 labentum?

330 2882 513 2943 “Antenor
529 2883 645 2964 potuit,
665 2883 781 2944 mediis
799 2883 932 2963 elepsus
950 2882 1098 2956 Achivis,

286 2985 436 3070 Illyrices
453 2993 628 3068 penetrere
646 2989 738 3049 sinus
756 2993 855 3068 atque
872 2985 988 3049 intima
1004 2994 1095 3049 tutus

287 3091 405 3172 Regna
423 3091 655 3166 Liburnerum,
674 3101 707 3154 et
724 3093 852 3154 fontem
870 3098 1028 3173 superine
1044 3092 1182 3166 Timivi

198 3219 243 3271 ²45
286 3195 386 3258 Unde
403 3215 463 3275 per
478 3203 535 3258 era
552 3217 671 3260 novem
690 3204 784 3260 veste
801 3218 875 3260 cum
893 3216 1059 3259 murmure
1077 3197 1198 3258 montis

285 3298 317 3361 It
333 3319 422 3362 mare
439 3309 635 3382 preruptum
652 3311 685 3364 et
703 3302 823 3383 pelage
840 3302 959 3383 premit
976 3321 1054 3363 arva
1070 3309 1211 3364 sonanti.

286 3402 351 3466 Hic
368 3413 478 3466 tamen
496 3405 549 3468 ille
567 3406 680 3468 urbem
701 3407 815 3468 Patavi
832 3406 993 3488 sedesque
1010 3406 1129 3468 locevit

284 3508 499 3582 Teucrerum,
516 3518 549 3572 et
565 3519 658 3590 genti
675 3518 795 3572 nemen
814 3510 905 3573 dedit
922 3529 1079 3592 armaque
1097 3510 1168 3572 lixit

284 3611 394 3687 Treta,
411 3631 501 3674 nunc
519 3613 648 3692 placide
665 3624 857 3694 compostus
875 3621 958 3695 pece
975 3614 1122 3696 quiescit.

198 3742 244 3793 250
286 3716 366 3790 Nes,
384 3726 442 3778 tua
459 3716 643 3796 pregenies
661 3718 744 3780 caeli
760 3717 879 3798 quibus
896 3718 1013 3782 adnuis
1030 3740 1149 3796 arcem,

288 3819 447 3894 NevibuS,
464 3819 657 3882 infandum!
682 3821 822 3897 emissis
841 3829 937 3884 unius
954 3824 997 3886 ob
1013 3833 1094 3888 iram
