2800 4286
498 269 616 322 muna
643 269 823 322 ocrnvus
1148 279 1208 346 215

191 448 320 512 Evomit
336 447 548 530 involvitque
566 447 700 510 domum
718 448 861 528 caligine
878 469 987 525 caeca,

190 555 408 633 Prospectum
424 551 573 633 eripiens
589 552 701 626 oculis,
720 553 948 634 glomeratque
968 554 1029 616 sub
1047 565 1141 618 antro

103 680 148 733 255
189 657 396 720 Pumileram
414 665 549 718 noctem
566 656 751 718 commixtis
768 656 845 736 igne
862 658 1017 720 tenebris.

188 763 265 825 Non
281 762 360 824 tulit
377 760 518 822 Alcides
535 761 663 834 animis
683 780 784 842 seque
800 760 872 842 ipse
890 782 949 842 per
964 763 1075 844 ignem

187 866 368 948 Praecipiti
384 866 460 929 iecit
477 866 574 940 saltu,
594 887 660 947 qua
677 866 837 947 plurimus
854 868 978 930 undam

187 973 316 1034 Fumus
333 971 404 1052 agit
420 971 610 1052 nebulaque
626 971 746 1052 ingens
763 992 883 1053 specus
899 982 1030 1036 aestuat
1045 985 1124 1036 atra.

230 1078 298 1138 Hic
317 1076 444 1140 Cacum
460 1076 496 1137 in
512 1075 659 1138 tenebris
676 1075 830 1139 incendia
846 1098 933 1139 vana
948 1088 1136 1142 vomentem

102 1191 148 1238 260
186 1180 333 1262 Corripit
349 1181 383 1243 in
399 1181 526 1242 nodum
544 1180 745 1262 complexus,
764 1190 797 1243 et
813 1182 907 1262 angit
922 1182 1099 1244 inhaerens

187 1285 298 1348 Elisos
315 1285 429 1348 oculos
446 1293 480 1347 et
497 1283 622 1347 siccum
639 1270 802 1366 sanguine
819 1295 942 1366 guttur.

187 1389 349 1452 Panditur
364 1389 534 1470 extemplo
550 1389 677 1452 foribus
694 1390 813 1452 domus
830 1399 901 1452 atra
917 1390 1064 1465 revulsis

187 1493 459 1575 Abstractaeque
475 1494 579 1556 boves
596 1493 832 1575 abiurataeque
851 1496 987 1574 rapinae

187 1598 289 1661 Caelo
306 1597 539 1674 ostenduntur,
558 1597 764 1680 pedibusque
781 1598 924 1660 informe
941 1599 1082 1660 cadaver

108 1711 149 1774 265
188 1703 403 1764 Protrahitur.
455 1701 635 1783 Nequeunt
651 1701 776 1783 expleri
791 1702 892 1764 corda
908 1702 1031 1764 tuendo

66 1838 73 1854 ·
186 1806 366 1868 Terribiles
382 1805 506 1880 oculos
523 1805 650 1868 vultum
666 1805 849 1888 villosaque
866 1808 965 1868 saetis

188 1911 326 1972 Pectora
342 1909 492 1972 semiferi
507 1918 606 1992 atque
622 1912 803 1973 exstinctos
820 1910 973 1973 faucibus
989 1913 1092 1991 ignes.

231 2015 282 2076 Ex
299 2014 354 2076 illo
371 2014 558 2076 celebratus
575 2015 690 2088 honos,
709 2014 852 2097 laetique
869 2015 1012 2077 minores

188 2118 372 2181 Servavere
389 2118 487 2193 diem,
506 2119 698 2201 primusque
718 2119 856 2181 Potitius
873 2128 987 2182 auctor

110 2244 151 2294 270
188 2222 366 2306 Etldomus
384 2223 544 2284 Herculei
560 2232 672 2286 custos
690 2223 820 2285 Pinaria
837 2223 931 2286 sacri.

187 2326 287 2388 Hanc
304 2323 395 2388 aram
413 2326 487 2388 luco
505 2326 628 2400 statuit,
646 2347 731 2409 quae
751 2327 898 2389 Maxima
915 2347 1047 2409 semper

187 2430 327 2492 Dicetur
342 2429 448 2505 nobis,
466 2439 500 2492 et
515 2430 576 2493 erit
592 2451 678 2513 quae
695 2433 838 2493 maxima
854 2451 994 2512 semper.

186 2533 300 2615 Quare
317 2535 416 2614 agite,
434 2554 454 2596 o
470 2533 617 2610 iuveneS,
633 2544 801 2597 tantarum
819 2535 852 2598 in
870 2555 1006 2599 munere
1023 2537 1157 2598 laudum

187 2637 319 2718 Cingite
335 2638 456 2701 fronde
473 2658 585 2700 comas
601 2648 634 2701 et
651 2639 771 2720 pocula
788 2640 918 2720 porgite
934 2639 1056 2703 dextris

109 2763 149 2816 ²75
187 2741 475 2823 Communemque
491 2752 608 2804 vocate
625 2743 724 2804 deum
740 2753 774 2806 et
790 2743 866 2806 date
882 2742 959 2805 vina
974 2744 1156 2806 uolentes.''

188 2846 335 2920 Dixerat,
355 2847 524 2910 Herculea
541 2846 665 2909 bicolor
681 2867 757 2909 cum
774 2847 919 2928 populus
936 2847 1052 2909 umbra

186 2949 386 3031 Velavitque
402 2969 515 3012 comas
531 2951 686 3032 foliisque
702 2950 824 3014 innexa
842 2951 1011 3033 pependit,
1093 3001 1094 3004 ,

188 3054 231 3115 Et
247 3073 340 3116 sacer
355 3053 506 3135 implevit
519 3055 668 3117 dextram
686 3056 842 3138 scyphus
892 3055 995 3118 Ocius
1012 3075 1126 3118 omnes

188 3159 228 3219 ln
245 3177 395 3220 mensam
413 3159 492 3222 laeti
507 3159 611 3222 libant
626 3161 785 3242 divosque
802 3169 988 3242 precantur.

110 3272 151 3321 280
231 3263 369 3325 Devexo
385 3264 513 3326 interea
529 3266 664 3346 propior
680 3266 716 3328 fit
732 3265 862 3346 Vesper
879 3263 1035 3348 Olympo,

189 3367 327 3448 Iamque
344 3368 534 3432 sacerdotes
552 3371 743 3452 primusque
762 3369 901 3432 Potitius
917 3368 1017 3444 ibant,

188 3471 333 3534 Pellibus
349 3472 383 3534 in
400 3494 525 3537 morem
545 3475 653 3550 cincti,
672 3475 889 3556 flammasque
906 3473 1067 3536 ferebant.

188 3577 381 3639 Instaurant
396 3579 522 3660 epulas,
540 3589 573 3642 et
589 3599 725 3643 mensae
741 3588 836 3660 grata
852 3579 1017 3642 secundae

191 3683 289 3745 Dona
305 3683 427 3758 ferunt,
442 3685 678 3766 cumulantque
695 3683 840 3747 oneratis
858 3684 1007 3746 lancibus
1028 3703 1110 3746 aras.

113 3793 152 3862 285
187 3785 273 3849 Tum
290 3787 371 3852 Salii
388 3786 431 3850 ad
446 3797 563 3852 cantus
580 3788 716 3851 incensa
733 3787 849 3850 altaria
865 3788 989 3850 circum
