2816 4282
212 313 275 393 276
570 319 728 372 vruour
755 319 971 372 Aruernos

300 499 449 575 Conicit;
474 498 530 563 illa
546 500 623 563 dato
639 501 738 563 vertit
754 499 893 580 vestigia
910 510 1013 581 tergo.

344 603 431 670 Tum
448 625 526 668 vero
544 605 685 666 Aenean
703 623 856 666 aversum
873 612 909 666 ut
925 604 1043 668 cedere
1060 607 1198 668 Turnus

300 709 457 784 Credidit,
476 719 575 790 atque
593 709 703 770 animo
720 727 813 788 spem
831 707 983 770 turbidus
1001 709 1111 771 hausit
1127 711 1292 772 inanem:

303 815 407 896 “Quo
425 812 524 893 iugis,
543 812 683 874 Aenea?
708 812 873 874 thalamos
890 833 932 875 ne
948 813 1064 875 desere
1081 824 1220 894 pact0s;

212 930 262 994 650
300 920 376 982 Hac
392 917 523 980 dabitur
541 917 656 978 dextra
672 915 771 978 tellus
789 917 938 998 quaesita
955 938 1014 1000 per
1030 919 1171 980 undas.’'

300 1023 396 1085 Talia
411 1021 599 1084 vociferans
617 1020 773 1102 sequitur,
793 1022 1009 1104 strictumque
1025 1033 1180 1086 coruscat

303 1126 518 1202 Mucronem;
543 1145 605 1188 nec
622 1124 710 1187 ferre
729 1125 818 1188 videt
836 1147 897 1188 sua
912 1127 1035 1208 gaudia
1050 1138 1181 1192 ventos.

302 1230 402 1294 Forte
419 1228 497 1292 ratis
514 1229 594 1291 celsi
610 1228 787 1291 coniuncta
805 1231 974 1312 crepidine
991 1231 1061 1295 saxi

303 1334 471 1416 Expositis
488 1333 597 1396 stabat
614 1333 710 1395 scalis
728 1341 761 1394 et
777 1345 879 1415 ponte
896 1345 1021 1417 parat0,

214 1452 260 1516 655
299 1442 376 1524 Qua
392 1462 448 1504 rex
465 1440 609 1506 Clusinis
627 1441 786 1504 advectus
804 1440 941 1504 Osinius
957 1443 1030 1504 oris.

302 1543 380 1608 Huc
397 1565 470 1608 sese
486 1545 616 1626 trepida
633 1545 771 1606 Aeneae
789 1544 949 1625 fugientis
965 1545 1075 1627 imago

301 1648 431 1714 Conicit
447 1650 480 1711 in
499 1649 660 1723 latebras;
685 1669 746 1712 nec
764 1650 898 1711 Turnus
915 1650 1047 1730 segnior
1062 1651 1176 1729 insta-t,

302 1751 555 1836 Exsuperatque
571 1773 689 1827 moras
711 1763 744 1816 et
761 1763 880 1834 pontes
897 1754 1037 1817 transilit
1054 1757 1148 1820 altos.

301 1859 366 1922 Vix
383 1879 513 1940 proram
531 1859 705 1938 attigerat:
730 1867 862 1939 rumpet
879 1859 1035 1922 Saturnia
1048 1859 1178 1937 funem,

211 1973 263 2022 66ο
301 1964 531 2044 Avulsamque
548 1961 634 2043 rapit
650 1962 801 2024 revoluta
817 1983 876 2044 per
892 1983 1036 2045 aequora
1051 1985 1182 2028 navem.

304 2067 401 2130 illum
419 2077 530 2130 autem
547 2067 682 2128 Aeneas
701 2066 870 2129 absentem
889 2066 921 2128 in
940 2067 1064 2148 proelia
1080 2071 1209 2149 poscit;

303 2171 412 2236 Obvia
428 2172 532 2234 multa
548 2170 654 2233 virum
672 2170 815 2234 demittit
832 2191 971 2252 corpora
986 2172 1091 2234 morti.

303 2277 389 2338 Tum
406 2277 487 2339 levis
504 2275 593 2337 haud
610 2276 696 2338 ultra
713 2275 857 2338 latebras
874 2275 938 2337 iam
956 2277 1084 2358 quaerit
1099 2276 1222 2360 imago,

304 2381 371 2445 Sed
388 2381 526 2444 sublime
544 2381 659 2443 volans
677 2379 756 2441 nubi
774 2399 809 2442 se
827 2379 1005 2442 immiscuit
1021 2390 1133 2444 atrae:

215 2497 262 2561 665
301 2486 385 2548 Cum
402 2488 552 2548 Turnum
570 2484 679 2547 medio
696 2483 824 2547 interea
841 2484 905 2546 iert
922 2504 1064 2566 aequore
1080 2486 1188 2549 turbe.

349 2590 498 2671 Respicit
514 2590 650 2671 ignarus
668 2609 777 2652 rerum
795 2588 1012 2671 ingratusque
1029 2590 1153 2666 solutio,
1218 2593 1222 2604 '

306 2696 349 2758 Et
365 2694 514 2776 duplices
531 2715 606 2758 cum
622 2714 703 2756 voce
723 2714 841 2755 manus
858 2693 900 2755 ad
917 2693 1024 2756 sidera
1039 2694 1164 2757 tendit:

306 2798 558 2880 “Omnipotens
574 2798 713 2879 genitor,
732 2796 859 2860 tanton’
877 2817 930 2859 me
947 2797 1082 2861 crimine
1099 2798 1240 2881 dignum

306 2902 446 2978 Duxisti,
464 2913 497 2965 et
512 2903 596 2965 tales
612 2901 743 2966 voluisti
761 2901 948 2982 expendere
965 2903 1113 2983 poenas?

216 3020 266 3084 670
304 3009 380 3090 Quo
393 3006 504 3069 feror?
528 3006 615 3069 uude
632 3006 720 3068 abii?
746 3025 831 3087 quae
844 3025 897 3068 me
910 3005 1000 3086 iuga,
1015 3021 1156 3088 quemve
1169 3011 1323 3074 reducit?

306 3114 535 3177 Laurentesne
551 3116 669 3177 iterum
687 3136 798 3178 muros
815 3124 871 3177 aut
888 3121 996 3175 castra
1011 3111 1152 3175 videbo?

306 3219 394 3301 Quid
412 3239 530 3282 manus
545 3220 601 3281 illa
617 3219 733 3295 virum,
752 3220 808 3302 qui
824 3240 876 3282 me
896 3239 1036 3302 meaque
1052 3238 1144 3280 arma
1161 3221 1289 3283 secuti?

306 3323 466 3404 Quosque
477 3325 624 3386 —nefas
635 3361 678 3368 -
689 3344 805 3387 omnes
822 3324 961 3387 infanda
979 3324 1012 3385 in
1030 3331 1133 3385 morte
1150 3323 1280 3406 reliqui,

307 3428 350 3489 Et
366 3447 455 3490 nunc
473 3428 623 3508 palantes
640 3427 746 3502 vide0,
764 3427 990 3511 gemitumque
1007 3429 1185 3492 cadentum

218 3543 265 3608 675
305 3530 468 3612 Accipio?
515 3531 605 3613 Quid
622 3531 708 3612 ago?
732 3542 788 3595 aut
805 3552 889 3614 quae
906 3531 971 3594 iam
990 3534 1069 3600 satis
1088 3532 1155 3595 ima
1171 3533 1320 3597 dehiscat

305 3636 411 3697 Terra
425 3635 529 3696 mihi?
574 3636 643 3697 Vos
660 3656 678 3697 o
696 3636 805 3716 potius
823 3635 1033 3711 miserescite,
1050 3639 1160 3714 venti;

308 3739 348 3800 In
364 3758 474 3817 rupes,
492 3738 525 3798 in
542 3739 801 3802 saxa-volens
817 3760 876 3803 vos
893 3741 1027 3804 Turnus
1043 3741 1200 3805 adoro—

308 3842 408 3903 Ferte
424 3850 538 3915 ratem,
556 3840 730 3923 saevisque
746 3843 841 3909 vadis
857 3843 1022 3911 immittite
1040 3845 1156 3932 Syrtis,
