2816 4282
192 274 253 338 302
549 259 705 313 vsucnr
731 259 932 313 Aruernos

280 444 324 506 Et
340 442 479 506 tundam
496 439 592 502 tereti
608 439 732 502 circum
750 448 850 519 caput
866 438 935 520 egit
951 439 1095 517 habena,

192 557 241 624 58⁰
282 547 573 630 Strymoniamque
590 563 715 624 gruem,
733 552 790 604 aut
806 542 918 605 album
935 543 1056 607 deiecit
1071 545 1207 608 olorem.

324 656 341 682 ‘⁴
354 649 482 712 Multae
498 647 587 710 illam
604 647 728 709 frustra
745 646 920 730 Tyrrhena
937 667 996 728 per
1013 647 1139 730 oppida
1159 658 1275 713 matres

280 755 450 835 Optavere
468 771 606 827 nurum;
632 751 702 812 sola
718 759 874 813 contenta
892 751 1002 813 Diana

280 859 466 920 Aeternum
482 855 622 919 telorum
639 862 673 917 et
689 853 886 936 virginitatis
903 875 1049 920 amorem

280 963 484 1026 intemerata
500 959 586 1022 colit.
633 958 764 1021 Vellem
781 959 869 1020 haud
886 970 1039 1042 correpta
1055 961 1178 1025 fuisset

191 1078 238 1143 585
281 1065 400 1129 Militia
415 1065 481 1140 tali,
500 1049 618 1127 conata
636 1062 799 1126 lacessere
820 1064 986 1126 Teucros:

278 1172 365 1235 Cara
381 1168 461 1231 mihi
477 1167 700 1248 comitumque
719 1167 805 1230 foret
822 1187 910 1230 nunc
927 1188 993 1230 una
1010 1189 1170 1233 mearum.

278 1276 405 1338 Verum
421 1290 493 1354 age,
511 1270 780 1354 quandoquidem
799 1271 877 1334 fatis
893 1282 1029 1354 urgetur
1044 1273 1185 1350 acerbis,

280 1378 419 1452 Labere,
438 1376 606 1460 Nympha,
626 1375 710 1456 polo,
729 1375 877 1457 finesque
894 1376 998 1439 invise
1018 1377 1168 1454 Latinos,

278 1481 396 1544 Tristis
413 1481 469 1543 ubi
484 1479 632 1542 infausto
649 1479 865 1542 committitur
880 1479 989 1542 omine
1006 1500 1131 1561 pugna.

191 1609 240 1663 590
280 1587 375 1649 Haec
393 1605 485 1666 cape,
503 1594 536 1648 et
553 1584 702 1646 ultricem
722 1583 879 1664 pharetra
895 1584 1053 1665 deprome
1073 1587 1250 1668 sagittam:

204 1687 207 1691 ’
280 1692 365 1766 Hac,
384 1691 584 1772 quicumque
600 1708 731 1750 sacrum
750 1687 880 1750 violarit
896 1689 1032 1752 vulnere
1048 1709 1182 1772 corpus,

277 1795 363 1857 Tros
380 1793 537 1868 Italusue,
555 1792 635 1853 mihi
653 1791 777 1872 pariter
792 1792 848 1855 det
864 1791 1026 1873 sanguine
1044 1813 1181 1874 poenas.

280 1901 358 1962 Post
373 1918 437 1981 ego
454 1899 542 1961 nube
558 1917 639 1960 cava
656 1898 865 1960 miserandae
880 1918 1001 1980 corpus
1016 1909 1050 1962 et
1066 1920 1161 1963 arma

280 2004 465 2086 inspoliata
481 2005 586 2067 feram
604 2004 741 2079 tumulo,
760 2002 952 2084 patriaeque
968 2003 1163 2085 reponam.''

131 2189 135 2198 Ι
192 2131 238 2184 595
282 2110 390 2185 Dixit;
415 2118 449 2171 at
464 2108 519 2171 illa
535 2107 617 2170 levis
634 2107 718 2171 caeli
734 2107 872 2189 delapsa
888 2129 947 2189 per
963 2129 1061 2173 auras

280 2213 441 2288 Insonuit‚
460 2212 555 2294 nigro
573 2212 776 2274 circumdata
794 2212 925 2275 turbine
942 2233 1071 2295 corpus.

324 2320 506 2393 Atmanus
522 2318 648 2382 interea
666 2318 768 2380 muris
785 2317 930 2380 Troiana
947 2302 1149 2401 propinquat

281 2423 479 2505 Etruscique
495 2424 597 2486 duces
613 2423 827 2504 equitumque
843 2422 1007 2485 exercitus
1023 2423 1140 2498 omnis,

281 2528 465 2609 Compositi
480 2549 618 2593 numero
634 2531 667 2591 in
687 2537 822 2590 turmas
871 2527 997 2590 Fremit
1013 2547 1156 2610 aequore
1173 2535 1244 2590 toto

192 2642 242 2691 600
281 2633 452 2695 Insultans
470 2634 612 2714 sonipeS,
634 2642 667 2696 et
683 2633 807 2715 pressis
825 2641 953 2712 pugnat
969 2631 1108 2695 habenis

282 2736 360 2800 Huc
376 2738 535 2802 obversus
551 2747 584 2801 et
601 2739 665 2801 huc
675 2759 682 2815 ;
711 2748 781 2800 tum
798 2738 864 2801 late
881 2738 1009 2800 ferreus
1026 2737 1130 2812 hastis

282 2842 406 2905 Horret
423 2862 511 2923 ager,
530 2841 706 2923 campique
725 2843 825 2906 armis
842 2841 1036 2904 sublimibus
1053 2841 1180 2904 ardent.

283 2947 354 3009 Nec
372 2968 437 3010 non
456 2950 633 3030 Messapus
650 2959 766 3012 contra
782 2950 974 3030 celeresque
992 2947 1102 3010 Latini

283 3050 326 3112 Et
343 3072 417 3114 cum
434 3053 537 3114 fratre
554 3053 657 3116 Coras
675 3063 708 3116 et
723 3052 860 3135 virginis
876 3052 929 3115 ala
946 3051 1105 3115 Camillae

194 3163 241 3227 605
283 3153 427 3218 Adversi
443 3175 561 3237 campo
578 3166 750 3238 apparent,
768 3157 948 3238 hastasque
966 3156 1109 3218 reductis

284 3260 488 3323 Protendunt
505 3261 603 3340 longe
621 3261 753 3336 dextris,
771 3270 805 3323 et
821 3261 948 3342 spicula
966 3260 1119 3334 vibrant;

282 3361 525 3446 Adventusque
541 3363 647 3426 virum
666 3365 883 3446 fremitusque
901 3363 1045 3427 ardescit
1060 3381 1229 3446 equorum.

284 3467 422 3549 Iamque
438 3469 662 3541 intraiactum
679 3467 735 3530 teli
752 3487 948 3550 progressus
964 3477 1103 3549 uterque

284 3571 503 3634 Constiterat:
528 3570 636 3634 subito
654 3581 834 3654 erumpunt
850 3572 1003 3647 clamore,
1021 3571 1237 3652 furentesque

196 3682 245 3730 610
286 3675 512 3736 Exhortantur
527 3694 649 3755 equos;
675 3675 820 3737 fundunt
837 3675 934 3737 simul
950 3675 1097 3756 undique
1113 3672 1181 3736 tela

284 3776 408 3841 Crebra
425 3775 508 3838 nivis
525 3777 598 3851 ritu,
615 3777 810 3859 caelumque
827 3777 992 3842 obtexitur
1007 3777 1134 3842 umbra.
1252 3835 1257 3848 ,
