2822 4294
208 300 253 378 46
574 306 733 358 VERGlLl
761 307 959 358 AENElDOS

1390 375 1391 416 l

299 484 502 566 Suppliciter
517 493 629 548 tristes
645 495 678 547 et
693 492 813 548 tensae
830 495 965 566 pectora
981 486 1119 566 palmis;

300 589 387 652 Diva
404 590 475 651 sole
490 590 577 652 lixtis
593 591 706 652 ocules
722 597 839 653 eversa
855 590 997 653 tenebat.
1390 587 1391 662 l

298 694 364 756 Ter
380 695 503 757 circum
521 678 642 756 Iliaces
658 701 847 774 raptaverat
865 695 1013 757 Hectora
1029 701 1150 770 mines
1390 673 1391 756 l

299 797 566 880 Exanimumque
582 806 664 860 aure
679 818 801 880 corpus
816 798 983 860 vendebat
1000 799 1160 862 Achilles.

208 915 256 981 485
280 904 384 965 ·Tum
400 910 480 965 vere
496 904 667 984 ingentem
685 903 846 984 gemitum
864 902 921 966 dat
938 913 1072 985 pectore
1089 903 1131 965 ab
1146 911 1219 977 ime,

298 1008 346 1072 Ut
363 1008 479 1089 spolia,
497 1017 533 1069 ut
549 1015 675 1083 curres,
693 1017 796 1089 utque
812 1008 921 1089 ipsum
938 1028 1060 1089 corpus
1076 1017 1180 1082 amici,
1390 991 1391 1018 ¹

296 1111 574 1194 Tendentemque
593 1120 711 1174 mamis
730 1112 896 1174 Priamum
914 1114 1087 1194 censpexit
1103 1114 1249 1175 inermes.
1390 1057 1391 1144 1

298 1216 342 1280 Se
359 1236 491 1299 quoque
508 1216 714 1298 principibus
729 1219 928 1298 permixtum
945 1216 1104 1298 adgnevit
1121 1216 1261 1290 Achivis,
1357 1280 1360 1285 ,
1390 1247 1391 1284 ;

299 1306 453 1403 Eeesque
470 1322 558 1384 acies
575 1331 608 1382 et
625 1319 711 1402 nigri
730 1321 920 1384 Memnonis
937 1341 1037 1383 arma.
1390 1319 1391 1330 ’

209 1451 257 1502 490
299 1415 402 1487 Discit
419 1425 663 1487 Amezonidum
681 1425 803 1488 limatis
819 1427 954 1506 {agmina
971 1427 1069 1506 peltis

299 1529 509 1592 Penthesilea
525 1529 650 1604 furens,
669 1529 852 1612 mediisque
868 1529 901 1591 in
919 1531 1050 1593 milibus
1065 1531 1168 1605 ardet,

192 1707 193 1712 η
297 1634 413 1697 Aurea
429 1634 630 1697 subnectens
647 1643 796 1696 exsertae
813 1635 947 1714 cingula
963 1653 1135 1709 mammae,

299 1738 465 1813 Belletrix,
484 1737 650 1819 audetque
666 1737 744 1800 viris
762 1757 957 1800 concurrere
974 1737 1077 1819 virge.

343 1948 438 2010 Haec
456 1946 534 2009 dum
555 1946 726 2009 Dardania
743 1946 881 2009 Aeneae
898 1947 1048 2009 miranda
1060 1947 1224 2020 videntur,

210 2078 256 2130 495
300 2053 389 2114 Dum
408 2060 529 2132 stupet,
548 2050 732 2132 obtirtirque
749 2051 864 2112 haeret
880 2051 1011 2113 defixus
1027 2051 1059 2113 in
1077 2059 1153 2124 une,

300 2158 431 2236 Regina
447 2155 488 2217 ad
505 2156 677 2234 templum,
696 2155 803 2216 ferme
820 2155 1042 2236 pulcherrima
1060 2155 1156 2229 Dide,

299 2260 449 2335 Incessit,
469 2266 590 2340 magna
607 2259 764 2321 iuvenum
782 2269 927 2340 stipante
943 2266 1084 2323 caterve.

299 2364 415 2446 Quelis
433 2363 465 2425 in
484 2365 629 2426 Euretae
647 2373 726 2444 ripis
743 2374 800 2425 aut
816 2384 876 2444 per
892 2363 970 2444 iuga
987 2363 1110 2448 Cynthi

298 2469 440 2531 Exercet
458 2469 567 2530 Diena
584 2468 711 2542 chores
730 2488 830 2549 quam
847 2468 935 2530 mille
951 2475 1084 2530 secutae

211 2597 257 2651 500
300 2574 389 2636 Hinc
407 2582 506 2654 atque
523 2571 600 2635 hinc
618 2573 846 2652 glomerantur
859 2572 1027 2647 Oreades;
1053 2572 1107 2634 illa
1124 2573 1309 2654 pharetram

300 2679 378 2740 Fert
396 2685 519 2751 umere,
538 2677 762 2758 gradiensque
779 2676 859 2738 dees
876 2677 1101 2758 supereminet
1117 2683 1231 2739 omnes
1242 2713 1284 2720 —

299 2782 448 2844 Letenae
464 2781 601 2843 tacitum
620 2790 847 2863 pertemptant
864 2781 986 2862 gaudia
1002 2790 1172 2862 pectus-

297 2885 389 2948 Telis
405 2895 475 2949 erat
494 2885 590 2959 Dide,
609 2885 709 2946 telem
727 2893 763 2946 se
779 2886 866 2948 laeta
882 2885 1012 2948 ferebat

291 2991 361 3053 'Per
377 2989 511 3064 medies,
529 2996 658 3050 instans
676 2999 768 3070 operi
784 2997 962 3070 regnisque
980 2990 1108 3052 futuris

210 3119 255 3171 505
293 3095 379 3156 Tum
397 3094 524 3156 foribus
540 3094 646 3168 divae,
665 3094 773 3156 media
790 3095 957 3157 testudine
974 3095 1098 3176 templi,

297 3198 421 3278 Saepta
439 3207 537 3258 armis
555 3199 702 3280 solieque
719 3198 785 3261 alte
803 3198 943 3261 subnixa
959 3199 1090 3262 resedit.

298 3302 376 3363 Iirra
393 3300 494 3363 dabat
512 3301 669 3383 legesque
686 3301 773 3379 viris,
793 3322 997 3384 operumque
1014 3303 1160 3366 laberem

297 3404 449 3466 Partibus
466 3405 630 3485 aequabat
647 3405 750 3479 iestis,
769 3417 825 3468 aut
842 3415 929 3469 sorte
946 3407 1117 3469 trahebat:

296 3508 379 3572 Cum
398 3507 507 3571 subite
524 3509 660 3571 Aeneas
677 3517 840 3572 concursir
858 3508 1015 3572 accedere
1032 3518 1154 3592 magne

208 3637 253 3691 510
298 3612 435 3675 Anthea
455 3613 716 3693 Sergestumque
733 3614 824 3676 videt
840 3614 1028 3695 fortemque
1047 3615 1257 3692 Cloanthum,

295 3717 566 3796 Teucrerumque
583 3715 674 3787 alies
692 3722 763 3776 ater
779 3725 862 3797 ques
878 3736 1022 3798 aequore
1038 3719 1137 3782 turbe

297 3818 491 3898 Dispulerat
507 3818 706 3899 penitusque
724 3817 805 3880 alias
822 3827 976 3882 evexerat
992 3829 1077 3886 eres.
