2796 4282
482 287 596 338 uranu
623 286 796 356 oumrus
1126 296 1185 363 137

149 465 345 549 Quaeritur
361 467 442 530 huic
459 465 560 542 alius;
585 485 646 529 nec
663 467 838 549 quisquam
855 486 895 530 ex
911 468 1044 550 agmine
1059 477 1153 532 tanto

150 571 276 663 Audet
293 571 388 635 adire
405 570 513 634 virum
530 570 750 652 manibusque
765 570 921 636 inducere
938 580 1076 635 caestus.

66 690 110 752 330
153 677 250 758 Ergo
271 677 406 750 alacris,
425 686 629 757 cunctosque
646 684 769 757 putans
785 676 945 739 excedere
962 677 1082 758 palma,

151 781 303 844 Aeneae
321 779 416 843 stetit
432 790 510 842 ante
527 779 639 862 pedes,
657 799 718 841 nec
735 780 831 861 plura
848 792 1003 858 moratus

151 887 246 948 Tum
267 887 366 949 laeva
383 894 515 947 taurum
533 903 636 946 cornu
652 893 752 960 tenet,
770 894 869 968 atque
885 885 930 948 ita
947 871 1055 950 fatur:

153 991 285 1054 “Nate
303 989 377 1065 dea,
397 990 425 1052 si
441 1009 539 1051 nemo
555 989 656 1051 audet
672 1009 707 1051 se
724 989 858 1053 credere
875 1011 1018 1072 pugnae,

154 1095 261 1178 Quae
279 1095 357 1157 finis
374 1092 507 1157 standi?
531 1114 596 1176 quo
613 1113 665 1155 me
682 1094 777 1156 decet
794 1114 898 1176 usque
914 1095 1041 1159 teneri?

70 1211 113 1277 385
156 1201 302 1263 Ducere
318 1199 407 1262 dona
424 1198 531 1262 iube.’'
579 1199 700 1262 Cuncti
716 1198 814 1261 simul
830 1219 887 1262 ore
904 1200 1092 1264 fremebant

158 1304 397 1378 Dardanidae,
415 1303 575 1386 reddique
591 1302 661 1366 viro
678 1303 841 1384 promissa
857 1303 1023 1368 iubebant.

207 1411 279 1472 Hic
298 1407 410 1490 gravis
428 1408 598 1470 Entellum
614 1407 711 1471 dictis
727 1407 868 1489 castigat
884 1409 1036 1484 Acestes,

159 1510 343 1574 Proximus
360 1517 396 1571 ut
412 1508 576 1572 viridante
592 1517 663 1571 toro
679 1509 876 1571 consederat
894 1508 1034 1572 herbae:

161 1621 180 1646 “
194 1613 343 1690 Entelle‚
361 1613 500 1676 heroum
516 1613 684 1695 quondam
702 1612 881 1676 fortissime
898 1613 1030 1690 trustra,

78 1745 120 1794 390
161 1721 326 1783 Tantane
342 1727 412 1781 tam
429 1719 559 1799 patiens
575 1718 666 1781 nullo
683 1717 863 1782 certamine
879 1718 950 1781 tolli

164 1825 269 1887 Dona
286 1822 399 1886 sines?
423 1821 478 1885 ubi
495 1842 583 1886 nunc
600 1821 696 1884 nobis
712 1822 794 1885 deus
810 1822 864 1885 ille
881 1823 1039 1904 magister

165 1929 385 2010 Nequiquam
404 1935 606 1990 memoratus
624 1926 736 2010 Eryx?
760 1927 816 1990 ubi
832 1927 922 1989 fama
939 1947 1000 2009 per
1015 1948 1146 1992 omnem

164 2033 388 2107 Trinacriam,
406 2040 440 2093 et
456 2030 563 2110 spolia
579 2031 634 2093 illa
651 2030 715 2094 tuis
732 2031 913 2113 pendentia
929 2032 1048 2096 tectis?
1061 2033 1077 2054 '¹

167 2137 231 2200 llle
250 2136 312 2199 sub
329 2136 431 2198 haec:
457 2135 565 2198 “Non
582 2135 689 2198 laudis
705 2156 807 2210 amor,
825 2156 887 2199 nec
903 2136 1007 2218 gloria
1025 2137 1123 2200 cessit

84 2265 126 2317 395
168 2241 272 2303 Pulsa
287 2249 398 2316 metu;
424 2240 481 2302 sed
498 2239 586 2302 enim
603 2240 734 2321 gelidus
749 2241 902 2304 tardante
918 2251 1052 2304 senecta
1146 2311 1148 2316 ,

168 2345 318 2425 Sanguis
336 2343 443 2418 hebet,
462 2342 652 2426 frigentque
668 2344 792 2408 effetae
808 2344 842 2408 in
858 2365 996 2428 corpore
1011 2346 1106 2409 vires

168 2449 207 2514 Si
224 2447 316 2524 mihi,
334 2467 420 2530 quae
436 2447 605 2530 quondam
623 2449 743 2524 luerat,
762 2469 893 2532 quaque
910 2448 1080 2531 improbus
1095 2451 1157 2513 iste

170 2553 327 2616 Exsultat
344 2552 459 2627 fidens
477 2551 505 2614 si
521 2573 609 2616 nunc
626 2552 713 2616 foret
728 2553 785 2616 illa
801 2553 963 2630 iuventas

170 2657 276 2721 Haud
292 2657 446 2739 equidem
464 2656 570 2738 pretio
586 2656 741 2720 inductus
758 2658 963 2741 pulchroque
979 2658 1119 2722 iuvenco

87 2787 129 2832 400
168 2761 367 2838 Venissem;
391 2780 453 2824 nec
470 2761 558 2825 dona
576 2761 715 2825 moror.''
763 2762 818 2826 Sic
835 2762 955 2826 deinde
972 2763 1101 2826 locutus

171 2868 212 2929 In
230 2867 376 2928 medium
392 2865 544 2946 geminos
560 2867 696 2929 immani
714 2867 862 2948 pondere
879 2876 1010 2931 caestus

172 2969 320 3046 Proiecit,
338 2969 458 3054 quibus
472 2990 548 3034 acer
566 2971 657 3056 Eryx
672 2971 705 3034 in
722 2972 847 3054 proelia
864 2981 978 3035 suetus

171 3077 273 3139 Ferre
289 3094 424 3138 manum
441 3075 590 3157 duroque
606 3076 779 3141 intendere
795 3075 951 3139 bracchia
966 3087 1069 3158 tergo.

170 3178 374 3261 Obstipuere
390 3178 510 3255 animi3
534 3190 701 3244 tantorum
718 3180 866 3263 ingentia
883 3190 1012 3262 septem

89 3309 128 3361 ⁴05
168 3285 283 3366 Terga
297 3284 398 3347 boum
416 3284 552 3366 plumbo
568 3285 678 3350 insuto
696 3287 850 3368 ferroque
868 3285 1029 3367 rigebant.

215 3389 308 3452 Ante
325 3410 441 3452 omnes
459 3399 570 3471 stupet
585 3391 657 3472 ipse
676 3391 793 3466 Dares,
811 3391 976 3473 longeque
993 3401 1142 3464 recusat;

171 3494 476 3576 Magnanimusque
493 3494 716 3559 Anchisiades
734 3504 766 3558 et
783 3495 915 3575 pondus
931 3504 964 3558 et
980 3493 1053 3577 ipsa

172 3599 250 3661 Huc
266 3599 344 3662 illuc
359 3599 543 3662 vinclorum
560 3599 722 3662 immensa
737 3598 906 3662 volumina
923 3609 1041 3663 versat.

170 3704 258 3766 Tum
275 3704 387 3767 senior
402 3703 485 3768 tales
501 3703 668 3767 referebat
684 3713 819 3785 pectore
836 3723 953 3766 voces:

90 3834 128 3880 410
171 3813 189 3841 “
201 3807 301 3890 Quid,
319 3807 349 3870 si
363 3807 436 3890 quis
453 3817 584 3872 caestus
600 3807 703 3890 ipsius
719 3807 753 3870 ¹et
771 3806 927 3870 Herculis
944 3827 1036 3870 arma
