<?xml version="1.0" encoding="UTF-8"?>
<!DOCTYPE html PUBLIC "-//W3C//DTD XHTML 1.0 Transitional//EN"
    "http://www.w3.org/TR/xhtml1/DTD/xhtml1-transitional.dtd">
<html xmlns="http://www.w3.org/1999/xhtml" xml:lang="en" lang="en">
 <head>
  <title>
</title>
<meta http-equiv="Content-Type" content="text/html;charset=utf-8" />
  <meta name='ocr-system' content='tesseract 3.04.00' />
  <meta name='ocr-capabilities' content='ocr_page ocr_carea ocr_par ocr_line ocrx_word'/>
</head>
<body>
  <div class='ocr_page' id='page_1' title='image "./virgilsaeneidbo00denngoog_0091.png"; bbox 0 0 2822 4294; ppageno 0'>
   <div class='ocr_carea' id='block_1_1' title="bbox 171 248 919 328">
    <p class='ocr_par' dir='ltr' id='par_1_1' title="bbox 171 248 919 328">
     <span class='ocr_line' id='line_1_1' title="bbox 171 248 919 328; baseline -0.017 -16"><span class='ocrx_word' id='word_1_1' title='bbox 171 251 211 328; x_wconf 86' lang='lat'><strong>78</strong></span> <span class='ocrx_word' id='word_1_2' title='bbox 533 248 692 303; x_wconf 76' lang='lat' dir='ltr'><strong>vancur</strong></span> <span class='ocrx_word' id='word_1_3' title='bbox 719 248 919 301; x_wconf 78' lang='lat' dir='ltr'><strong>AENEruos</strong></span> 
     </span>
    </p>
   </div>
   <div class='ocr_carea' id='block_1_2' title="bbox 169 427 1276 3622">
    <p class='ocr_par' dir='ltr' id='par_1_2' title="bbox 169 427 1276 3622">
     <span class='ocr_line' id='line_1_2' title="bbox 259 427 1126 512; baseline -0.007 -17"><span class='ocrx_word' id='word_1_4' title='bbox 259 432 331 495; x_wconf 90' lang='lat' dir='ltr'><strong>Nec</strong></span> <span class='ocrx_word' id='word_1_5' title='bbox 348 429 439 512; x_wconf 90' lang='lat' dir='ltr'><strong>prius</strong></span> <span class='ocrx_word' id='word_1_6' title='bbox 454 430 610 491; x_wconf 82' lang='lat' dir='ltr'><strong>amissam</strong></span> <span class='ocrx_word' id='word_1_7' title='bbox 627 436 758 508; x_wconf 86' lang='lat' dir='ltr'>respexi</span> <span class='ocrx_word' id='word_1_8' title='bbox 773 427 987 508; x_wconf 90' lang='lat' dir='ltr'><strong>animumque</strong></span> <span class='ocrx_word' id='word_1_9' title='bbox 1003 427 1126 503; x_wconf 87' lang='lat' dir='ltr'><strong>reflexi,</strong></span> 
     </span>
     <span class='ocr_line' id='line_1_3' title="bbox 258 530 1249 618; baseline -0.003 -21"><span class='ocrx_word' id='word_1_10' title='bbox 258 535 367 618; x_wconf 86' lang='lat' dir='ltr'><strong>Quam</strong></span> <span class='ocrx_word' id='word_1_11' title='bbox 385 534 548 596; x_wconf 90' lang='lat' dir='ltr'><strong>tumulum</strong></span> <span class='ocrx_word' id='word_1_12' title='bbox 565 541 720 613; x_wconf 84' lang='lat' dir='ltr'><strong>antiquae</strong></span> <span class='ocrx_word' id='word_1_13' title='bbox 739 530 869 593; x_wconf 90' lang='lat' dir='ltr'><strong>Cereris</strong></span> <span class='ocrx_word' id='word_1_14' title='bbox 886 531 1067 613; x_wconf 79' lang='lat' dir='ltr'><strong>sedemque</strong></span> <span class='ocrx_word' id='word_1_15' title='bbox 1085 539 1249 595; x_wconf 74' lang='lat' dir='ltr'><strong>sacratam</strong></span> 
     </span>
     <span class='ocr_line' id='line_1_4' title="bbox 257 634 1080 714; baseline -0.005 -12"><span class='ocrx_word' id='word_1_16' title='bbox 257 640 419 702; x_wconf 75' lang='lat' dir='ltr'><strong>Venimus</strong></span> <span class='ocrx_word' id='word_1_17' title='bbox 429 660 435 714; x_wconf 93' lang='lat'>;</span> <span class='ocrx_word' id='word_1_18' title='bbox 462 637 514 700; x_wconf 88' lang='lat' dir='ltr'><strong>hic</strong></span> <span class='ocrx_word' id='word_1_19' title='bbox 530 637 664 698; x_wconf 78' lang='lat' dir='ltr'><strong>demum</strong></span> <span class='ocrx_word' id='word_1_20' title='bbox 681 635 826 697; x_wconf 74' lang='lat' dir='ltr'><strong>collectis</strong></span> <span class='ocrx_word' id='word_1_21' title='bbox 843 634 996 698; x_wconf 91' lang='lat' dir='ltr'><strong>omnibus</strong></span> <span class='ocrx_word' id='word_1_22' title='bbox 1014 643 1080 698; x_wconf 80' lang='lat' dir='ltr'><strong>rina</strong></span> 
     </span>
     <span class='ocr_line' id='line_1_5' title="bbox 258 740 1122 822; baseline -0.003 -16"><span class='ocrx_word' id='word_1_23' title='bbox 258 743 385 818; x_wconf 77' lang='lat' dir='ltr'><strong>Defuit,</strong></span> <span class='ocrx_word' id='word_1_24' title='bbox 404 752 436 804; x_wconf 90' lang='lat' dir='ltr'><strong>et</strong></span> <span class='ocrx_word' id='word_1_25' title='bbox 453 740 589 804; x_wconf 78' lang='lat' dir='ltr'><strong>comites</strong></span> <span class='ocrx_word' id='word_1_26' title='bbox 605 747 786 821; x_wconf 75' lang='lat' dir='ltr'><strong>natumque</strong></span> <span class='ocrx_word' id='word_1_27' title='bbox 802 741 975 822; x_wconf 90' lang='lat' dir='ltr'><strong>virumque</strong></span> <span class='ocrx_word' id='word_1_28' title='bbox 992 741 1122 804; x_wconf 82' lang='lat' dir='ltr'><strong>fefellit.</strong></span> 
     </span>
     <span class='ocr_line' id='line_1_6' title="bbox 169 826 1228 929; baseline 0 -19"><span class='ocrx_word' id='word_1_29' title='bbox 169 875 215 927; x_wconf 84' lang='lat'><strong>745</strong></span> <span class='ocrx_word' id='word_1_30' title='bbox 258 847 366 929; x_wconf 86' lang='lat' dir='ltr'><strong>Quem</strong></span> <span class='ocrx_word' id='word_1_31' title='bbox 384 855 451 909; x_wconf 75' lang='lat' dir='ltr'><strong>nen</strong></span> <span class='ocrx_word' id='word_1_32' title='bbox 467 826 617 908; x_wconf 76' lang='lat' dir='ltr'><strong>incusavi</strong></span> <span class='ocrx_word' id='word_1_33' title='bbox 633 850 748 905; x_wconf 77' lang='lat' dir='ltr'><strong>amens</strong></span> <span class='ocrx_word' id='word_1_34' title='bbox 764 843 1002 926; x_wconf 89' lang='lat' dir='ltr'>hominumque</span> <span class='ocrx_word' id='word_1_35' title='bbox 1018 845 1228 928; x_wconf 72' lang='lat' dir='ltr'><strong>dearumque,</strong></span> 
     </span>
     <span class='ocr_line' id='line_1_7' title="bbox 257 947 988 1032; baseline -0.005 -18"><span class='ocrx_word' id='word_1_36' title='bbox 257 953 327 1014; x_wconf 88' lang='lat' dir='ltr'><strong>Aut</strong></span> <span class='ocrx_word' id='word_1_37' title='bbox 344 950 422 1032; x_wconf 91' lang='lat' dir='ltr'><strong>quid</strong></span> <span class='ocrx_word' id='word_1_38' title='bbox 438 950 471 1012; x_wconf 91' lang='lat' dir='ltr'><strong>in</strong></span> <span class='ocrx_word' id='word_1_39' title='bbox 490 956 604 1011; x_wconf 76' lang='lat' dir='ltr'><strong>eversa</strong></span> <span class='ocrx_word' id='word_1_40' title='bbox 620 947 687 1010; x_wconf 85' lang='lat' dir='ltr'><strong>vidi</strong></span> <span class='ocrx_word' id='word_1_41' title='bbox 703 947 869 1010; x_wconf 78' lang='lat' dir='ltr'><strong>crudelius</strong></span> <span class='ocrx_word' id='word_1_42' title='bbox 886 947 988 1010; x_wconf 91' lang='lat' dir='ltr'><strong>urbe?</strong></span> 
     </span>
     <span class='ocr_line' id='line_1_8' title="bbox 257 1053 1238 1136; baseline -0.001 -18"><span class='ocrx_word' id='word_1_43' title='bbox 257 1055 441 1128; x_wconf 74' lang='lat' dir='ltr'><strong>Ascanium</strong></span> <span class='ocrx_word' id='word_1_44' title='bbox 460 1053 701 1134; x_wconf 74' lang='lat' dir='ltr'><strong>Anchisenque</strong></span> <span class='ocrx_word' id='word_1_45' title='bbox 720 1061 847 1133; x_wconf 91' lang='lat' dir='ltr'><strong>patrem</strong></span> <span class='ocrx_word' id='word_1_46' title='bbox 864 1053 1080 1136; x_wconf 79' lang='lat' dir='ltr'><strong>Teucrdsque</strong></span> <span class='ocrx_word' id='word_1_47' title='bbox 1098 1055 1238 1118; x_wconf 72' lang='lat' dir='ltr'><strong>Penates</strong></span> 
     </span>
     <span class='ocr_line' id='line_1_9' title="bbox 257 1157 1025 1232; baseline -0.004 -9"><span class='ocrx_word' id='word_1_48' title='bbox 257 1159 465 1224; x_wconf 77' lang='lat' dir='ltr'><strong>Commendd</strong></span> <span class='ocrx_word' id='word_1_49' title='bbox 481 1157 578 1220; x_wconf 90' lang='lat' dir='ltr'><strong>sociis</strong></span> <span class='ocrx_word' id='word_1_50' title='bbox 595 1166 628 1219; x_wconf 90' lang='lat' dir='ltr'><strong>ct</strong></span> <span class='ocrx_word' id='word_1_51' title='bbox 644 1163 744 1219; x_wconf 73' lang='lat' dir='ltr'><strong>curva</strong></span> <span class='ocrx_word' id='word_1_52' title='bbox 761 1157 846 1218; x_wconf 91' lang='lat' dir='ltr'><strong>valle</strong></span> <span class='ocrx_word' id='word_1_53' title='bbox 862 1158 1007 1220; x_wconf 75' lang='lat' dir='ltr'><strong>recondi)</strong></span> <span class='ocrx_word' id='word_1_54' title='bbox 1017 1178 1025 1232; x_wconf 87' lang='lat'>;</span> 
     </span>
     <span class='ocr_line' id='line_1_10' title="bbox 259 1259 1131 1347; baseline -0.002 -20"><span class='ocrx_word' id='word_1_55' title='bbox 259 1265 336 1347; x_wconf 89' lang='lat' dir='ltr'><strong>Ipse</strong></span> <span class='ocrx_word' id='word_1_56' title='bbox 354 1263 468 1326; x_wconf 89' lang='lat' dir='ltr'><strong>urbem</strong></span> <span class='ocrx_word' id='word_1_57' title='bbox 485 1270 600 1343; x_wconf 73' lang='lat' dir='ltr'><strong>repeti&gt;</strong></span> <span class='ocrx_word' id='word_1_58' title='bbox 616 1271 649 1324; x_wconf 90' lang='lat' dir='ltr'><strong>et</strong></span> <span class='ocrx_word' id='word_1_59' title='bbox 665 1259 781 1342; x_wconf 83' lang='lat' dir='ltr'><strong>cingor</strong></span> <span class='ocrx_word' id='word_1_60' title='bbox 799 1260 1005 1342; x_wconf 80' lang='lat' dir='ltr'>fulgentibus</span> <span class='ocrx_word' id='word_1_61' title='bbox 1021 1272 1131 1325; x_wconf 88' lang='lat' dir='ltr'><strong>armis.</strong></span> 
     </span>
     <span class='ocr_line' id='line_1_11' title="bbox 169 1369 1120 1447; baseline -0.003 -16"><span class='ocrx_word' id='word_1_62' title='bbox 169 1395 216 1447; x_wconf 84' lang='lat'><strong>750</strong></span> <span class='ocrx_word' id='word_1_63' title='bbox 257 1369 331 1432; x_wconf 83' lang='lat' dir='ltr'><strong>Stat</strong></span> <span class='ocrx_word' id='word_1_64' title='bbox 348 1375 445 1432; x_wconf 73' lang='lat' dir='ltr'><strong>casus</strong></span> <span class='ocrx_word' id='word_1_65' title='bbox 461 1373 622 1428; x_wconf 75' lang='lat' dir='ltr'><strong>renovare</strong></span> <span class='ocrx_word' id='word_1_66' title='bbox 639 1372 764 1440; x_wconf 72' lang='lat' dir='ltr'><strong>omnes</strong></span> <span class='ocrx_word' id='word_1_67' title='bbox 783 1384 982 1447; x_wconf 92' lang='lat' dir='ltr'><strong>omnemque</strong></span> <span class='ocrx_word' id='word_1_68' title='bbox 998 1376 1120 1430; x_wconf 85' lang='lat' dir='ltr'><strong>reverti</strong></span> 
     </span>
     <span class='ocr_line' id='line_1_12' title="bbox 258 1469 1117 1552; baseline -0.002 -17"><span class='ocrx_word' id='word_1_69' title='bbox 258 1474 320 1536; x_wconf 90' lang='lat' dir='ltr'><strong>Per</strong></span> <span class='ocrx_word' id='word_1_70' title='bbox 336 1472 479 1546; x_wconf 72' lang='lat' dir='ltr'><strong>Trdiam,</strong></span> <span class='ocrx_word' id='word_1_71' title='bbox 497 1479 530 1532; x_wconf 85' lang='lat' dir='ltr'><strong>et</strong></span> <span class='ocrx_word' id='word_1_72' title='bbox 546 1477 659 1532; x_wconf 78' lang='lat' dir='ltr'><strong>rursus</strong></span> <span class='ocrx_word' id='word_1_73' title='bbox 676 1480 777 1550; x_wconf 89' lang='lat' dir='ltr'><strong>caput</strong></span> <span class='ocrx_word' id='word_1_74' title='bbox 793 1469 959 1532; x_wconf 75' lang='lat' dir='ltr'><strong>obiectare</strong></span> <span class='ocrx_word' id='word_1_75' title='bbox 976 1472 1117 1552; x_wconf 90' lang='lat' dir='ltr'><strong>periclis.</strong></span> 
     </span>
     <span class='ocr_line' id='line_1_13' title="bbox 302 1573 1088 1657; baseline -0.001 -18"><span class='ocrx_word' id='word_1_76' title='bbox 302 1576 466 1657; x_wconf 71' lang='lat' dir='ltr'><strong>Principii)</strong></span> <span class='ocrx_word' id='word_1_77' title='bbox 482 1581 594 1636; x_wconf 72' lang='lat' dir='ltr'><strong>murus</strong></span> <span class='ocrx_word' id='word_1_78' title='bbox 611 1573 817 1655; x_wconf 76' lang='lat' dir='ltr'><strong>obscuraque</strong></span> <span class='ocrx_word' id='word_1_79' title='bbox 834 1573 945 1636; x_wconf 87' lang='lat' dir='ltr'><strong>limina</strong></span> <span class='ocrx_word' id='word_1_80' title='bbox 963 1584 1088 1655; x_wconf 90' lang='lat' dir='ltr'><strong>portae,</strong></span> 
     </span>
     <span class='ocr_line' id='line_1_14' title="bbox 258 1678 1169 1763; baseline 0 -20"><span class='ocrx_word' id='word_1_81' title='bbox 258 1681 334 1763; x_wconf 74' lang='lat' dir='ltr'><strong>Qua</strong></span> <span class='ocrx_word' id='word_1_82' title='bbox 350 1699 502 1763; x_wconf 85' lang='lat' dir='ltr'>gressum</span> <span class='ocrx_word' id='word_1_83' title='bbox 519 1678 711 1753; x_wconf 82' lang='lat' dir='ltr'><strong>extuleram,</strong></span> <span class='ocrx_word' id='word_1_84' title='bbox 729 1686 853 1758; x_wconf 75' lang='lat' dir='ltr'><strong>repeti),</strong></span> <span class='ocrx_word' id='word_1_85' title='bbox 872 1687 905 1740; x_wconf 91' lang='lat' dir='ltr'><strong>et</strong></span> <span class='ocrx_word' id='word_1_86' title='bbox 920 1681 1062 1760; x_wconf 83' lang='lat' dir='ltr'><strong>vestigia</strong></span> <span class='ocrx_word' id='word_1_87' title='bbox 1079 1687 1169 1743; x_wconf 77' lang='lat' dir='ltr'><strong>retrr&#39;)</strong></span> 
     </span>
     <span class='ocr_line' id='line_1_15' title="bbox 257 1782 1127 1864; baseline -0.002 -16"><span class='ocrx_word' id='word_1_88' title='bbox 257 1785 445 1848; x_wconf 74' lang='lat' dir='ltr'><strong>Observata</strong></span> <span class='ocrx_word' id='word_1_89' title='bbox 462 1803 582 1864; x_wconf 91' lang='lat' dir='ltr'><strong>sequor</strong></span> <span class='ocrx_word' id='word_1_90' title='bbox 599 1802 658 1863; x_wconf 93' lang='lat' dir='ltr'><strong>per</strong></span> <span class='ocrx_word' id='word_1_91' title='bbox 675 1791 805 1844; x_wconf 92' lang='lat' dir='ltr'><strong>noctem</strong></span> <span class='ocrx_word' id='word_1_92' title='bbox 823 1791 857 1844; x_wconf 91' lang='lat' dir='ltr'><strong>et</strong></span> <span class='ocrx_word' id='word_1_93' title='bbox 873 1782 997 1846; x_wconf 78' lang='lat' dir='ltr'><strong>lumine</strong></span> <span class='ocrx_word' id='word_1_94' title='bbox 1014 1785 1127 1846; x_wconf 72' lang='lat' dir='ltr'><strong>histri).</strong></span> 
     </span>
     <span class='ocr_line' id='line_1_16' title="bbox 170 1885 1181 1968; baseline -0.001 -17"><span class='ocrx_word' id='word_1_95' title='bbox 170 1915 217 1966; x_wconf 84' lang='lat'><strong>755</strong></span> <span class='ocrx_word' id='word_1_96' title='bbox 256 1891 386 1951; x_wconf 91' lang='lat' dir='ltr'><strong>Horror</strong></span> <span class='ocrx_word' id='word_1_97' title='bbox 402 1886 523 1968; x_wconf 92' lang='lat' dir='ltr'><strong>ubique</strong></span> <span class='ocrx_word' id='word_1_98' title='bbox 540 1887 678 1960; x_wconf 73' lang='lat' dir='ltr'><strong>animus,</strong></span> <span class='ocrx_word' id='word_1_99' title='bbox 697 1885 794 1948; x_wconf 87' lang='lat' dir='ltr'><strong>simul</strong></span> <span class='ocrx_word' id='word_1_100' title='bbox 810 1887 883 1967; x_wconf 89' lang='lat' dir='ltr'><strong>ipsa</strong></span> <span class='ocrx_word' id='word_1_101' title='bbox 900 1886 1030 1949; x_wconf 88' lang='lat' dir='ltr'><strong>silentia</strong></span> <span class='ocrx_word' id='word_1_102' title='bbox 1045 1896 1181 1951; x_wconf 87' lang='lat' dir='ltr'><strong>terrent.</strong></span> 
     </span>
     <span class='ocr_line' id='line_1_17' title="bbox 259 1990 1101 2070; baseline 0.002 -18"><span class='ocrx_word' id='word_1_103' title='bbox 259 1991 341 2053; x_wconf 90' lang='lat' dir='ltr'><strong>Inde</strong></span> <span class='ocrx_word' id='word_1_104' title='bbox 358 1991 503 2066; x_wconf 86' lang='lat' dir='ltr'><strong>domum,</strong></span> <span class='ocrx_word' id='word_1_105' title='bbox 521 1999 549 2052; x_wconf 93' lang='lat' dir='ltr'><strong>si</strong></span> <span class='ocrx_word' id='word_1_106' title='bbox 565 1991 651 2052; x_wconf 85' lang='lat' dir='ltr'><strong>forte</strong></span> <span class='ocrx_word' id='word_1_107' title='bbox 668 1990 797 2070; x_wconf 90' lang='lat' dir='ltr'><strong>pedem,</strong></span> <span class='ocrx_word' id='word_1_108' title='bbox 816 2000 843 2052; x_wconf 92' lang='lat' dir='ltr'><strong>si</strong></span> <span class='ocrx_word' id='word_1_109' title='bbox 859 1991 945 2054; x_wconf 77' lang='lat' dir='ltr'><strong>forte</strong></span> <span class='ocrx_word' id='word_1_110' title='bbox 962 1991 1101 2067; x_wconf 87' lang='lat' dir='ltr'><strong>tulisset,</strong></span> 
     </span>
     <span class='ocr_line' id='line_1_18' title="bbox 260 2094 1276 2169; baseline 0.002 -14"><span class='ocrx_word' id='word_1_111' title='bbox 260 2095 316 2156; x_wconf 76' lang='lat' dir='ltr'><strong>Me</strong></span> <span class='ocrx_word' id='word_1_112' title='bbox 332 2095 449 2156; x_wconf 76' lang='lat' dir='ltr'><strong>referri.</strong></span> <span class='ocrx_word' id='word_1_113' title='bbox 492 2094 667 2156; x_wconf 87' lang='lat' dir='ltr'><strong>inruerant</strong></span> <span class='ocrx_word' id='word_1_114' title='bbox 686 2096 804 2169; x_wconf 87' lang='lat' dir='ltr'><strong>Danai,</strong></span> <span class='ocrx_word' id='word_1_115' title='bbox 819 2104 853 2156; x_wconf 91' lang='lat' dir='ltr'><strong>et</strong></span> <span class='ocrx_word' id='word_1_116' title='bbox 868 2102 991 2158; x_wconf 75' lang='lat' dir='ltr'><strong>tectum</strong></span> <span class='ocrx_word' id='word_1_117' title='bbox 1005 2116 1104 2158; x_wconf 89' lang='lat' dir='ltr'><strong>omne</strong></span> <span class='ocrx_word' id='word_1_118' title='bbox 1117 2097 1276 2159; x_wconf 78' lang='lat' dir='ltr'><strong>tenebant</strong></span> 
     </span>
     <span class='ocr_line' id='line_1_19' title="bbox 257 2183 1028 2280; baseline 0.004 -21"><span class='ocrx_word' id='word_1_119' title='bbox 257 2183 353 2260; x_wconf 81' lang='lat' dir='ltr'><strong>ilicet</strong></span> <span class='ocrx_word' id='word_1_120' title='bbox 369 2197 456 2278; x_wconf 88' lang='lat' dir='ltr'><strong>ignis</strong></span> <span class='ocrx_word' id='word_1_121' title='bbox 473 2198 556 2260; x_wconf 77' lang='lat' dir='ltr'><strong>edax</strong></span> <span class='ocrx_word' id='word_1_122' title='bbox 572 2218 701 2260; x_wconf 89' lang='lat' dir='ltr'><strong>summa</strong></span> <span class='ocrx_word' id='word_1_123' title='bbox 718 2198 759 2260; x_wconf 89' lang='lat' dir='ltr'><strong>ad</strong></span> <span class='ocrx_word' id='word_1_124' title='bbox 777 2199 912 2280; x_wconf 85' lang='lat' dir='ltr'><strong>fastigia</strong></span> <span class='ocrx_word' id='word_1_125' title='bbox 928 2208 1028 2262; x_wconf 73' lang='lat' dir='ltr'><strong>venti)</strong></span> 
     </span>
     <span class='ocr_line' id='line_1_20' title="bbox 257 2301 1247 2382; baseline 0 -18"><span class='ocrx_word' id='word_1_126' title='bbox 257 2301 429 2374; x_wconf 85' lang='lat' dir='ltr'><strong>Volvitur;</strong></span> <span class='ocrx_word' id='word_1_127' title='bbox 454 2311 655 2382; x_wconf 85' lang='lat' dir='ltr'><strong>exsuperant</strong></span> <span class='ocrx_word' id='word_1_128' title='bbox 672 2302 834 2378; x_wconf 88' lang='lat' dir='ltr'><strong>flammae,</strong></span> <span class='ocrx_word' id='word_1_129' title='bbox 854 2303 934 2366; x_wconf 76' lang='lat' dir='ltr'><strong>furit</strong></span> <span class='ocrx_word' id='word_1_130' title='bbox 951 2313 1064 2366; x_wconf 88' lang='lat' dir='ltr'><strong>aestus</strong></span> <span class='ocrx_word' id='word_1_131' title='bbox 1081 2305 1124 2366; x_wconf 96' lang='lat' dir='ltr'><strong>ad</strong></span> <span class='ocrx_word' id='word_1_132' title='bbox 1141 2311 1247 2367; x_wconf 77' lang='lat' dir='ltr'><strong>auras.</strong></span> 
     </span>
     <span class='ocr_line' id='line_1_21' title="bbox 170 2405 1030 2489; baseline 0.003 -22"><span class='ocrx_word' id='word_1_133' title='bbox 170 2418 216 2479; x_wconf 85' lang='lat'><strong>760</strong></span> <span class='ocrx_word' id='word_1_134' title='bbox 259 2405 406 2468; x_wconf 77' lang='lat' dir='ltr'><strong>Prdcedd</strong></span> <span class='ocrx_word' id='word_1_135' title='bbox 422 2415 456 2468; x_wconf 91' lang='lat' dir='ltr'><strong>et</strong></span> <span class='ocrx_word' id='word_1_136' title='bbox 473 2406 592 2468; x_wconf 85' lang='lat' dir='ltr'><strong>Priami</strong></span> <span class='ocrx_word' id='word_1_137' title='bbox 609 2406 704 2468; x_wconf 80' lang='lat' dir='ltr'><strong>sedes</strong></span> <span class='ocrx_word' id='word_1_138' title='bbox 721 2426 898 2489; x_wconf 88' lang='lat' dir='ltr'><strong>arcemque</strong></span> <span class='ocrx_word' id='word_1_139' title='bbox 914 2415 1030 2470; x_wconf 78' lang='lat' dir='ltr'><strong>revisd.</strong></span> 
     </span>
     <span class='ocr_line' id='line_1_22' title="bbox 259 2509 979 2594; baseline 0.003 -22"><span class='ocrx_word' id='word_1_140' title='bbox 259 2510 384 2572; x_wconf 88' lang='lat' dir='ltr'><strong>Etiam</strong></span> <span class='ocrx_word' id='word_1_141' title='bbox 403 2509 583 2590; x_wconf 90' lang='lat' dir='ltr'><strong>porticibus</strong></span> <span class='ocrx_word' id='word_1_142' title='bbox 599 2519 712 2572; x_wconf 90' lang='lat' dir='ltr'><strong>vacuis</strong></span> <span class='ocrx_word' id='word_1_143' title='bbox 731 2511 869 2574; x_wconf 73' lang='lat' dir='ltr'><strong>Ismenis</strong></span> <span class='ocrx_word' id='word_1_144' title='bbox 886 2513 979 2594; x_wconf 70' lang='lat' dir='ltr'><strong>asyli)</strong></span> 
     </span>
     <span class='ocr_line' id='line_1_23' title="bbox 258 2613 967 2679; baseline 0.001 -3"><span class='ocrx_word' id='word_1_145' title='bbox 258 2613 423 2677; x_wconf 75' lang='lat' dir='ltr'><strong>Custddes</strong></span> <span class='ocrx_word' id='word_1_146' title='bbox 439 2614 515 2674; x_wconf 78' lang='lat' dir='ltr'><strong>lecti</strong></span> <span class='ocrx_word' id='word_1_147' title='bbox 532 2613 679 2675; x_wconf 79' lang='lat' dir='ltr'><strong>Phoenix</strong></span> <span class='ocrx_word' id='word_1_148' title='bbox 695 2623 728 2676; x_wconf 90' lang='lat' dir='ltr'><strong>et</strong></span> <span class='ocrx_word' id='word_1_149' title='bbox 744 2615 834 2677; x_wconf 91' lang='lat' dir='ltr'><strong>dirus</strong></span> <span class='ocrx_word' id='word_1_150' title='bbox 853 2615 967 2679; x_wconf 80' lang='lat' dir='ltr'><strong>Ulixes</strong></span> 
     </span>
     <span class='ocr_line' id='line_1_24' title="bbox 260 2716 1177 2802; baseline 0.007 -24"><span class='ocrx_word' id='word_1_151' title='bbox 260 2716 420 2778; x_wconf 88' lang='lat' dir='ltr'><strong>Praedam</strong></span> <span class='ocrx_word' id='word_1_152' title='bbox 438 2716 667 2779; x_wconf 76' lang='lat' dir='ltr'><strong>adservabant.</strong></span> <span class='ocrx_word' id='word_1_153' title='bbox 718 2719 796 2781; x_wconf 78' lang='lat' dir='ltr'><strong>Huc</strong></span> <span class='ocrx_word' id='word_1_154' title='bbox 813 2719 959 2800; x_wconf 88' lang='lat' dir='ltr'><strong>undique</strong></span> <span class='ocrx_word' id='word_1_155' title='bbox 976 2720 1077 2783; x_wconf 65' lang='lat' dir='ltr'><strong>Traia</strong></span> <span class='ocrx_word' id='word_1_156' title='bbox 1093 2740 1177 2802; x_wconf 85' lang='lat' dir='ltr'><strong>gaza</strong></span> 
     </span>
     <span class='ocr_line' id='line_1_25' title="bbox 261 2820 1057 2904; baseline 0.008 -24"><span class='ocrx_word' id='word_1_157' title='bbox 261 2820 410 2882; x_wconf 77' lang='lat' dir='ltr'><strong>incensis</strong></span> <span class='ocrx_word' id='word_1_158' title='bbox 427 2827 541 2901; x_wconf 76' lang='lat' dir='ltr'><strong>erepta</strong></span> <span class='ocrx_word' id='word_1_159' title='bbox 558 2820 674 2902; x_wconf 86' lang='lat' dir='ltr'><strong>adytis,</strong></span> <span class='ocrx_word' id='word_1_160' title='bbox 693 2829 894 2904; x_wconf 73' lang='lat' dir='ltr'><strong>mensaeque</strong></span> <span class='ocrx_word' id='word_1_161' title='bbox 911 2824 1057 2900; x_wconf 74' lang='lat' dir='ltr'><strong>deinum,</strong></span> 
     </span>
     <span class='ocr_line' id='line_1_26' title="bbox 172 2923 1033 3006; baseline 0.005 -21"><span class='ocrx_word' id='word_1_162' title='bbox 172 2936 218 3000; x_wconf 83' lang='lat'><strong>7⁶5</strong></span> <span class='ocrx_word' id='word_1_163' title='bbox 261 2924 480 3004; x_wconf 75' lang='lat' dir='ltr'><strong>Crateresque</strong></span> <span class='ocrx_word' id='word_1_164' title='bbox 497 2931 577 2986; x_wconf 78' lang='lat' dir='ltr'><strong>aurd</strong></span> <span class='ocrx_word' id='word_1_165' title='bbox 594 2923 698 2997; x_wconf 85' lang='lat' dir='ltr'><strong>solidi,</strong></span> <span class='ocrx_word' id='word_1_166' title='bbox 718 2934 914 3006; x_wconf 90' lang='lat' dir='ltr'><strong>captivaque</strong></span> <span class='ocrx_word' id='word_1_167' title='bbox 931 2927 1033 2990; x_wconf 90' lang='lat' dir='ltr'><strong>vestis</strong></span> 
     </span>
     <span class='ocr_line' id='line_1_27' title="bbox 260 3026 1215 3116; baseline 0.007 -28"><span class='ocrx_word' id='word_1_168' title='bbox 260 3026 467 3107; x_wconf 85' lang='lat' dir='ltr'><strong>Congeritur.</strong></span> <span class='ocrx_word' id='word_1_169' title='bbox 518 3028 614 3088; x_wconf 92' lang='lat' dir='ltr'><strong>Pueri</strong></span> <span class='ocrx_word' id='word_1_170' title='bbox 630 3036 662 3088; x_wconf 93' lang='lat' dir='ltr'><strong>et</strong></span> <span class='ocrx_word' id='word_1_171' title='bbox 680 3027 820 3107; x_wconf 87' lang='lat' dir='ltr'><strong>pavidae</strong></span> <span class='ocrx_word' id='word_1_172' title='bbox 837 3029 938 3111; x_wconf 70' lang='lat' dir='ltr'><strong>longi)</strong></span> <span class='ocrx_word' id='word_1_173' title='bbox 954 3030 1069 3094; x_wconf 75' lang='lat' dir='ltr'><strong>urdine</strong></span> <span class='ocrx_word' id='word_1_174' title='bbox 1086 3039 1215 3116; x_wconf 40' lang='lat' dir='ltr'><strong>matres·</strong></span> 
     </span>
     <span class='ocr_line' id='line_1_28' title="bbox 260 3130 505 3194; baseline -0.016 0"><span class='ocrx_word' id='word_1_175' title='bbox 260 3130 358 3194; x_wconf 85' lang='lat' dir='ltr'><strong>Stant</strong></span> <span class='ocrx_word' id='word_1_176' title='bbox 374 3130 505 3192; x_wconf 90' lang='lat' dir='ltr'><strong>circum.</strong></span> 
     </span>
     <span class='ocr_line' id='line_1_29' title="bbox 260 3220 1084 3318; baseline 0.01 -24"><span class='ocrx_word' id='word_1_177' title='bbox 260 3233 374 3295; x_wconf 89' lang='lat' dir='ltr'><strong>Ausus</strong></span> <span class='ocrx_word' id='word_1_178' title='bbox 392 3243 470 3314; x_wconf 90' lang='lat' dir='ltr'><strong>quin</strong></span> <span class='ocrx_word' id='word_1_179' title='bbox 488 3233 586 3296; x_wconf 92' lang='lat' dir='ltr'><strong>etiam</strong></span> <span class='ocrx_word' id='word_1_180' title='bbox 604 3241 702 3296; x_wconf 77' lang='lat' dir='ltr'><strong>vdces</strong></span> <span class='ocrx_word' id='word_1_181' title='bbox 719 3220 841 3299; x_wconf 73' lang='lat' dir='ltr'><strong>iactare</strong></span> <span class='ocrx_word' id='word_1_182' title='bbox 858 3257 918 3318; x_wconf 90' lang='lat' dir='ltr'><strong>per</strong></span> <span class='ocrx_word' id='word_1_183' title='bbox 934 3225 1084 3302; x_wconf 87' lang='lat' dir='ltr'><strong>umbram</strong></span> 
     </span>
     <span class='ocr_line' id='line_1_30' title="bbox 262 3337 1066 3422; baseline 0.01 -26"><span class='ocrx_word' id='word_1_184' title='bbox 262 3337 403 3415; x_wconf 76' lang='lat' dir='ltr'><strong>Implevi</strong></span> <span class='ocrx_word' id='word_1_185' title='bbox 419 3338 561 3399; x_wconf 65' lang='lat' dir='ltr'><strong>clamere</strong></span> <span class='ocrx_word' id='word_1_186' title='bbox 579 3339 657 3412; x_wconf 75' lang='lat' dir='ltr'><strong>vias,</strong></span> <span class='ocrx_word' id='word_1_187' title='bbox 678 3348 888 3422; x_wconf 90' lang='lat' dir='ltr'><strong>maestusque</strong></span> <span class='ocrx_word' id='word_1_188' title='bbox 906 3343 1066 3406; x_wconf 76' lang='lat' dir='ltr'><strong>Creusam</strong></span> 
     </span>
     <span class='ocr_line' id='line_1_31' title="bbox 173 3440 1249 3528; baseline 0.01 -28"><span class='ocrx_word' id='word_1_189' title='bbox 173 3465 220 3512; x_wconf 87' lang='lat'><strong>770</strong></span> <span class='ocrx_word' id='word_1_190' title='bbox 262 3440 473 3520; x_wconf 91' lang='lat' dir='ltr'><strong>Nequiquam</strong></span> <span class='ocrx_word' id='word_1_191' title='bbox 491 3440 700 3520; x_wconf 77' lang='lat' dir='ltr'><strong>ingeminans</strong></span> <span class='ocrx_word' id='word_1_192' title='bbox 718 3441 902 3526; x_wconf 87' lang='lat' dir='ltr'><strong>iterumque</strong></span> <span class='ocrx_word' id='word_1_193' title='bbox 919 3445 1105 3528; x_wconf 91' lang='lat' dir='ltr'><strong>iterumque</strong></span> <span class='ocrx_word' id='word_1_194' title='bbox 1120 3455 1249 3511; x_wconf 76' lang='lat' dir='ltr'><strong>vocavi.</strong></span> 
     </span>
     <span class='ocr_line' id='line_1_32' title="bbox 307 3541 1072 3622; baseline 0.014 -20"><span class='ocrx_word' id='word_1_195' title='bbox 307 3541 490 3622; x_wconf 85' lang='lat' dir='ltr'><strong>Quaerenti</strong></span> <span class='ocrx_word' id='word_1_196' title='bbox 505 3552 539 3604; x_wconf 92' lang='lat' dir='ltr'><strong>et</strong></span> <span class='ocrx_word' id='word_1_197' title='bbox 555 3551 649 3606; x_wconf 77' lang='lat' dir='ltr'><strong>tectis</strong></span> <span class='ocrx_word' id='word_1_198' title='bbox 666 3544 756 3607; x_wconf 90' lang='lat' dir='ltr'><strong>urbis</strong></span> <span class='ocrx_word' id='word_1_199' title='bbox 774 3545 844 3609; x_wconf 90' lang='lat' dir='ltr'><strong>sine</strong></span> <span class='ocrx_word' id='word_1_200' title='bbox 862 3549 930 3611; x_wconf 86' lang='lat' dir='ltr'><strong>fine</strong></span> <span class='ocrx_word' id='word_1_201' title='bbox 947 3550 1072 3613; x_wconf 86' lang='lat' dir='ltr'><strong>iurenti</strong></span> 
     </span>
    </p>
   </div>
   <div class='ocr_carea' id='block_1_3' title="bbox 263 3643 1147 3838">
    <p class='ocr_par' dir='ltr' id='par_1_3' title="bbox 263 3643 1147 3838">
     <span class='ocr_line' id='line_1_33' title="bbox 263 3643 1147 3727; baseline 0.011 -21"><span class='ocrx_word' id='word_1_202' title='bbox 263 3644 385 3706; x_wconf 78' lang='lat' dir='ltr'><strong>Infelix</strong></span> <span class='ocrx_word' id='word_1_203' title='bbox 402 3643 613 3707; x_wconf 71' lang='lat' dir='ltr'><strong>simulacrum</strong></span> <span class='ocrx_word' id='word_1_204' title='bbox 631 3655 730 3727; x_wconf 90' lang='lat' dir='ltr'><strong>atque</strong></span> <span class='ocrx_word' id='word_1_205' title='bbox 747 3648 850 3727; x_wconf 89' lang='lat' dir='ltr'><strong>ipsius</strong></span> <span class='ocrx_word' id='word_1_206' title='bbox 867 3651 984 3714; x_wconf 92' lang='lat' dir='ltr'><strong>umbra</strong></span> <span class='ocrx_word' id='word_1_207' title='bbox 1001 3655 1147 3718; x_wconf 75' lang='lat' dir='ltr'><strong>Crerisae</strong></span> 
     </span>
     <span class='ocr_line' id='line_1_34' title="bbox 263 3745 1058 3838; baseline 0.016 -31"><span class='ocrx_word' id='word_1_208' title='bbox 263 3747 344 3807; x_wconf 90' lang='lat' dir='ltr'><strong>Visa</strong></span> <span class='ocrx_word' id='word_1_209' title='bbox 360 3745 441 3805; x_wconf 90' lang='lat' dir='ltr'><strong>mihi</strong></span> <span class='ocrx_word' id='word_1_210' title='bbox 457 3754 534 3807; x_wconf 87' lang='lat' dir='ltr'><strong>ante</strong></span> <span class='ocrx_word' id='word_1_211' title='bbox 551 3748 663 3808; x_wconf 72' lang='lat' dir='ltr'><strong>ocultis</strong></span> <span class='ocrx_word' id='word_1_212' title='bbox 677 3758 709 3808; x_wconf 89' lang='lat' dir='ltr'><strong>et</strong></span> <span class='ocrx_word' id='word_1_213' title='bbox 725 3758 803 3811; x_wconf 70' lang='lat' dir='ltr'><strong>ncta</strong></span> <span class='ocrx_word' id='word_1_214' title='bbox 821 3753 923 3816; x_wconf 80' lang='lat' dir='ltr'><strong>maior</strong></span> <span class='ocrx_word' id='word_1_215' title='bbox 939 3755 1058 3838; x_wconf 72' lang='lat' dir='ltr'><strong>imagi).</strong></span> 
     </span>
    </p>
   </div>
   <div class='ocr_carea' id='block_1_4' title="bbox 0 0 1421 4294">
    <p class='ocr_par' dir='ltr' id='par_1_4' title="bbox 0 0 1421 4294">
     <span class='ocr_line' id='line_1_35' title="bbox 0 0 1421 4294; baseline 0 0"><span class='ocrx_word' id='word_1_216' title='bbox 0 0 1421 4294; x_wconf 95' lang='lat' dir='ltr'><strong> </strong></span> 
     </span>
    </p>
   </div>
  </div>
 </body>
</html>
