2816 4282
192 320 196 328 '
228 319 290 382 288
587 324 746 379 vanorur
772 325 969 379 nauaroos

314 505 400 568 Turn
418 505 536 581 senior,
556 503 753 588 semperque
769 507 852 570 odiis
869 516 901 570 et
917 505 1054 569 crimine
1073 506 1223 569 Drances

315 608 474 671 lnieosus
491 610 601 672 iuveni
621 611 735 673 Turno
752 610 798 674 sic
815 631 871 674 ore
887 610 1030 674 vicissim

314 714 402 780 Orsa
418 715 542 778 refert:
568 714 628 779 “O
645 716 737 778 fama
753 716 881 797 ingens,
898 715 1065 796 ingentior
1080 715 1191 789 armis

228 841 272 895 125
314 820 374 883 Vir
390 820 543 896 Troiane,
562 820 682 902 quibus
698 821 790 884 caelo
807 830 838 882 te
856 819 1007 882 laudibus
1024 819 1189 903 aequem?

315 923 508 986 Iustitiaene
526 925 617 1005 prius
634 923 741 999 mirer,
760 924 880 987 belline
899 924 1070 987 laborum?

315 1029 385 1091 Nos
402 1048 480 1091 vero
496 1028 579 1091 haec
597 1028 735 1110 patriam
753 1031 839 1110 grati
856 1029 1039 1091 referemus
1056 1028 1099 1090 ad
1117 1028 1240 1101 urbem,

315 1133 358 1195 Et
374 1141 416 1207 te,
435 1131 461 1195 si
479 1153 544 1216 qua
559 1134 647 1194 viam
664 1133 791 1195 dederit
809 1133 951 1207 fortuna,
970 1133 1090 1195 Latino

315 1239 498 1319 Iungemus
513 1240 603 1320 regi;
629 1248 766 1320 quaerat
783 1237 844 1300 sibi
860 1238 997 1300 foedera
1013 1238 1158 1300 Turnus

227 1365 274 1414 130
313 1342 402 1424 Quin
421 1337 453 1405 et
470 1342 590 1404 fatales
608 1362 774 1404 murorum
793 1341 942 1404 attollere
960 1342 1072 1430 moles,

313 1447 466 1528 Saxaque
484 1445 679 1509 subvectare
696 1447 817 1508 umeris
834 1446 977 1508 Troiana
995 1445 1153 1508 iuvabit.''

314 1551 451 1613 Dixerat
468 1552 559 1626 haec,
578 1571 710 1633 unoque
727 1570 843 1613 omnes
860 1550 975 1612 eadem
994 1570 1049 1612 ore
1067 1548 1264 1612 fremebant.

313 1656 370 1717 Bis
387 1675 484 1718 senos
501 1657 661 1736 pepigere
678 1655 757 1730 dies,
775 1665 809 1717 et
826 1674 908 1736 pace
924 1663 1096 1736 sequestra

313 1760 375 1823 Per
391 1759 490 1821 silvas
507 1758 628 1822 Teucri
644 1759 802 1841 mixtique
819 1760 955 1840 impune
975 1757 1083 1819 Latini

227 1885 270 1938 135
314 1864 476 1926 Erravere
491 1862 587 1944 iugis.
637 1865 740 1926 Ferro
757 1872 853 1925 sonat
870 1862 934 1925 icta
950 1861 1087 1942 bipenni

312 1968 492 2044 Fraxinus;
518 1977 672 2029 evertunt
688 1976 779 2030 actas
797 1967 838 2028 ad
856 1966 964 2029 sidera
982 1967 1096 2046 pin0s;

313 2069 446 2132 Robora
463 2091 523 2133 nec
540 2070 653 2132 cuneis
670 2081 702 2132 et
720 2071 864 2133 olentem
882 2070 1031 2132 scindere
1048 2071 1197 2145 cedrum,

313 2175 384 2237 Nee
402 2173 558 2255 plaustris
575 2185 707 2237 cessant
723 2184 855 2236 vectare
872 2173 1083 2255 gementibus
1100 2194 1210 2237 ornos.

355 2382 479 2444 Etiam
498 2385 602 2445 Fama
617 2383 742 2458 volans,
761 2384 844 2445 tanti
862 2382 1058 2464 praenuntia
1076 2382 1196 2456 luctus

225 2509 271 2556 140
312 2486 504 2548 Euandrum
524 2486 738 2568 Euandrique
755 2487 871 2548 domos
888 2496 920 2548 et
937 2486 1067 2548 moenia
1084 2487 1202 2566 replet,

310 2589 406 2670 Quae
423 2590 520 2653 modo
537 2591 695 2653 victorem
714 2591 810 2652 Latio
829 2590 978 2652 Pallanta
995 2589 1133 2652 ferebat.

310 2693 461 2756 Arcades
478 2694 518 2756 ad
537 2704 649 2774 portas
666 2714 770 2768 ruere,
789 2704 821 2756 et
838 2694 879 2756 de
897 2713 987 2756 more
1004 2703 1136 2756 vetusto

311 2798 480 2859 Funereas
496 2818 635 2879 rapuere
653 2799 763 2874 laces3
789 2799 876 2860 lucet
893 2799 946 2860 via
962 2798 1063 2879 longo

309 2899 435 2964 Ordine
452 2900 669 2976 flammarum,
687 2911 720 2964 et
736 2901 802 2964 late
819 2901 1024 2971 discriminat
1040 2922 1148 2982 agros.

224 3026 267 3078 145
310 3004 434 3067 Contra
450 3004 545 3067 turba
564 3005 733 3090 Phrygum
750 3006 887 3068 veniens
905 3007 1099 3087 plangentia
1115 3008 1225 3088 iungit

309 3107 465 3188 Agmina.
515 3109 610 3190 Quae
623 3120 800 3191 postquam
819 3120 942 3173 matres
959 3110 1137 3172 succedere
1155 3110 1253 3172 tectis

250 3199 253 3206 ¹
307 3211 480 3286 Viderunt,
499 3222 659 3275 maestam
678 3213 861 3276 incendunt
879 3213 1077 3277 clamoribus
1095 3212 1221 3275 urbem.

307 3315 355 3376 At
372 3336 438 3377 non
456 3297 649 3379 Euandrum
667 3318 753 3398 potis
770 3328 821 3380 est
836 3317 886 3380 vis
903 3318 969 3380 ulla
985 3327 1117 3393 tenere;

308 3417 373 3480 Sed
390 3419 481 3482 venit
498 3420 530 3482 in
548 3421 682 3483 medios.
733 3423 869 3484 Feretro
890 3422 1040 3485 Pallanta
1056 3432 1193 3502 reposto

222 3541 268 3593 150
308 3521 485 3586 Procubuit
498 3544 606 3605 super,
619 3534 717 3607 atque
729 3527 844 3589 haeret
854 3524 1097 3607 lacrimansque
1107 3545 1318 3608 gemensque,

309 3624 352 3685 Et
367 3623 421 3686 via
436 3627 489 3686 vix
506 3628 641 3689 tandem
657 3628 730 3690 voci
747 3631 855 3691 laxata
872 3629 983 3692 dolore
1000 3639 1070 3692 est:

351 3730 369 3756 ‘⁴
382 3726 459 3788 Non
476 3727 569 3803 haec,
586 3750 605 3791 o
624 3731 723 3804 Palla,
741 3731 880 3794 dederas
898 3734 1061 3812 promissa
1078 3733 1221 3814 parenti,

300 3825 444 3889 Cautius
460 3837 496 3890 ut
513 3849 612 3892 saevo
628 3833 730 3894 velles
747 3843 779 3895 te
797 3835 931 3897 credere
950 3835 1060 3897 Marti.
