<?xml version="1.0" encoding="UTF-8"?>
<!DOCTYPE html PUBLIC "-//W3C//DTD XHTML 1.0 Transitional//EN"
    "http://www.w3.org/TR/xhtml1/DTD/xhtml1-transitional.dtd">
<html xmlns="http://www.w3.org/1999/xhtml" xml:lang="en" lang="en">
 <head>
  <title>
</title>
<meta http-equiv="Content-Type" content="text/html;charset=utf-8" />
  <meta name='ocr-system' content='tesseract 3.04.00' />
  <meta name='ocr-capabilities' content='ocr_page ocr_carea ocr_par ocr_line ocrx_word'/>
</head>
<body>
  <div class='ocr_page' id='page_1' title='image "./virgilsaeneidbo00denngoog_0135.png"; bbox 0 0 2796 4282; ppageno 0'>
   <div class='ocr_carea' id='block_1_1' title="bbox 198 265 940 326">
    <p class='ocr_par' dir='ltr' id='par_1_1' title="bbox 198 265 940 326">
     <span class='ocr_line' id='line_1_1' title="bbox 198 265 940 326; baseline -0.007 -1"><span class='ocrx_word' id='word_1_1' title='bbox 198 265 259 326; x_wconf 91' lang='lat'>118</span> <span class='ocrx_word' id='word_1_2' title='bbox 555 267 714 321; x_wconf 88' lang='lat' dir='ltr'>VERGlLl</span> <span class='ocrx_word' id='word_1_3' title='bbox 742 268 940 322; x_wconf 87' lang='lat' dir='ltr'><strong>AENEIDOS</strong></span> 
     </span>
    </p>
   </div>
   <div class='ocr_carea' id='block_1_2' title="bbox 193 447 1289 3648">
    <p class='ocr_par' dir='ltr' id='par_1_2' title="bbox 194 447 1215 947">
     <span class='ocr_line' id='line_1_2' title="bbox 194 447 1010 530; baseline -0.005 -18"><span class='ocrx_word' id='word_1_4' title='bbox 194 461 241 523; x_wconf 81' lang='lat'>480</span> <span class='ocrx_word' id='word_1_5' title='bbox 283 447 410 512; x_wconf 85' lang='lat' dir='ltr'>Oceani</span> <span class='ocrx_word' id='word_1_6' title='bbox 428 449 526 512; x_wconf 88' lang='lat' dir='ltr'>finem</span> <span class='ocrx_word' id='word_1_7' title='bbox 544 448 634 511; x_wconf 90' lang='lat' dir='ltr'>iuxta</span> <span class='ocrx_word' id='word_1_8' title='bbox 650 449 820 530; x_wconf 84' lang='lat' dir='ltr'>solemque</span> <span class='ocrx_word' id='word_1_9' title='bbox 837 447 1010 510; x_wconf 86' lang='lat' dir='ltr'>cadentem</span> 
     </span>
     <span class='ocr_line' id='line_1_3' title="bbox 283 548 1215 634; baseline -0.009 -16"><span class='ocrx_word' id='word_1_10' title='bbox 283 554 431 618; x_wconf 91' lang='lat' dir='ltr'>Ultimus</span> <span class='ocrx_word' id='word_1_11' title='bbox 449 553 658 634; x_wconf 90' lang='lat' dir='ltr'>Aethiopum</span> <span class='ocrx_word' id='word_1_12' title='bbox 673 554 765 615; x_wconf 92' lang='lat' dir='ltr'>locus</span> <span class='ocrx_word' id='word_1_13' title='bbox 781 561 840 626; x_wconf 88' lang='lat' dir='ltr'>est,</span> <span class='ocrx_word' id='word_1_14' title='bbox 858 550 915 614; x_wconf 92' lang='lat' dir='ltr'>ubi</span> <span class='ocrx_word' id='word_1_15' title='bbox 931 550 1095 612; x_wconf 89' lang='lat' dir='ltr'>maximus</span> <span class='ocrx_word' id='word_1_16' title='bbox 1113 548 1215 610; x_wconf 88' lang='lat' dir='ltr'>Atlas</span> 
     </span>
     <span class='ocr_line' id='line_1_4' title="bbox 283 655 1158 738; baseline -0.005 -19"><span class='ocrx_word' id='word_1_17' title='bbox 283 657 392 719; x_wconf 86' lang='lat' dir='ltr'>Axem</span> <span class='ocrx_word' id='word_1_18' title='bbox 410 677 525 719; x_wconf 91' lang='lat' dir='ltr'>umero</span> <span class='ocrx_word' id='word_1_19' title='bbox 542 665 674 738; x_wconf 84' lang='lat' dir='ltr'>torquet</span> <span class='ocrx_word' id='word_1_20' title='bbox 691 655 794 718; x_wconf 90' lang='lat' dir='ltr'>stellis</span> <span class='ocrx_word' id='word_1_21' title='bbox 811 655 1003 718; x_wconf 87' lang='lat' dir='ltr'>ardentibus</span> <span class='ocrx_word' id='word_1_22' title='bbox 1020 663 1158 736; x_wconf 91' lang='lat' dir='ltr'>aptum;</span> 
     </span>
     <span class='ocr_line' id='line_1_5' title="bbox 284 757 1173 845; baseline -0.007 -21"><span class='ocrx_word' id='word_1_23' title='bbox 284 762 374 824; x_wconf 94' lang='lat' dir='ltr'>Hinc</span> <span class='ocrx_word' id='word_1_24' title='bbox 392 761 472 823; x_wconf 93' lang='lat' dir='ltr'>mihi</span> <span class='ocrx_word' id='word_1_25' title='bbox 491 761 659 845; x_wconf 85' lang='lat' dir='ltr'>Massylae</span> <span class='ocrx_word' id='word_1_26' title='bbox 675 760 785 842; x_wconf 84' lang='lat' dir='ltr'>gentis</span> <span class='ocrx_word' id='word_1_27' title='bbox 803 768 987 823; x_wconf 90' lang='lat' dir='ltr'>monstrata</span> <span class='ocrx_word' id='word_1_28' title='bbox 1004 757 1173 832; x_wconf 87' lang='lat' dir='ltr'>sacerdos,</span> 
     </span>
     <span class='ocr_line' id='line_1_6' title="bbox 285 861 1141 947; baseline -0.007 -18"><span class='ocrx_word' id='word_1_29' title='bbox 285 866 509 947; x_wconf 89' lang='lat' dir='ltr'>Hesperidum</span> <span class='ocrx_word' id='word_1_30' title='bbox 528 866 646 946; x_wconf 90' lang='lat' dir='ltr'>templi</span> <span class='ocrx_word' id='word_1_31' title='bbox 662 874 784 940; x_wconf 73' lang='lat' dir='ltr'>custos</span> <span class='ocrx_word' id='word_1_32' title='bbox 803 865 986 946; x_wconf 88' lang='lat' dir='ltr'>epulasque</span> <span class='ocrx_word' id='word_1_33' title='bbox 1003 861 1141 925; x_wconf 88' lang='lat' dir='ltr'>draconi</span> 
     </span>
    </p>

    <p class='ocr_par' dir='ltr' id='par_1_3' title="bbox 193 967 1182 1467">
     <span class='ocr_line' id='line_1_7' title="bbox 193 967 1168 1052; baseline -0.004 -21"><span class='ocrx_word' id='word_1_34' title='bbox 193 983 240 1049; x_wconf 83' lang='lat'>485</span> <span class='ocrx_word' id='word_1_35' title='bbox 283 970 379 1052; x_wconf 85' lang='lat' dir='ltr'>Quae</span> <span class='ocrx_word' id='word_1_36' title='bbox 396 970 498 1032; x_wconf 91' lang='lat' dir='ltr'>dabat</span> <span class='ocrx_word' id='word_1_37' title='bbox 514 980 547 1032; x_wconf 88' lang='lat' dir='ltr'>et</span> <span class='ocrx_word' id='word_1_38' title='bbox 564 990 675 1032; x_wconf 93' lang='lat' dir='ltr'>sacros</span> <span class='ocrx_word' id='word_1_39' title='bbox 691 969 846 1032; x_wconf 89' lang='lat' dir='ltr'>servabat</span> <span class='ocrx_word' id='word_1_40' title='bbox 862 971 894 1031; x_wconf 93' lang='lat' dir='ltr'>in</span> <span class='ocrx_word' id='word_1_41' title='bbox 913 967 1029 1030; x_wconf 90' lang='lat' dir='ltr'>arbore</span> <span class='ocrx_word' id='word_1_42' title='bbox 1045 986 1168 1041; x_wconf 88' lang='lat' dir='ltr'>ramos,</span> 
     </span>
     <span class='ocr_line' id='line_1_8' title="bbox 283 1072 1182 1156; baseline -0.006 -19"><span class='ocrx_word' id='word_1_43' title='bbox 283 1075 453 1156; x_wconf 86' lang='lat' dir='ltr'>Spargens</span> <span class='ocrx_word' id='word_1_44' title='bbox 471 1074 583 1136; x_wconf 91' lang='lat' dir='ltr'>umida</span> <span class='ocrx_word' id='word_1_45' title='bbox 601 1074 698 1136; x_wconf 91' lang='lat' dir='ltr'>mella</span> <span class='ocrx_word' id='word_1_46' title='bbox 716 1072 1004 1154; x_wconf 84' lang='lat' dir='ltr'>soporiferumque</span> <span class='ocrx_word' id='word_1_47' title='bbox 1022 1089 1182 1152; x_wconf 91' lang='lat' dir='ltr'>papaver.</span> 
     </span>
     <span class='ocr_line' id='line_1_9' title="bbox 285 1159 1129 1258; baseline -0.002 -18"><span class='ocrx_word' id='word_1_48' title='bbox 285 1179 380 1241; x_wconf 90' lang='lat' dir='ltr'>Haec</span> <span class='ocrx_word' id='word_1_49' title='bbox 397 1198 432 1241; x_wconf 92' lang='lat' dir='ltr'>se</span> <span class='ocrx_word' id='word_1_50' title='bbox 449 1178 649 1241; x_wconf 84' lang='lat' dir='ltr'>carminibus</span> <span class='ocrx_word' id='word_1_51' title='bbox 668 1179 829 1258; x_wconf 89' lang='lat' dir='ltr'>promittit</span> <span class='ocrx_word' id='word_1_52' title='bbox 845 1159 973 1242; x_wconf 85' lang='lat' dir='ltr'>solvere</span> <span class='ocrx_word' id='word_1_53' title='bbox 990 1184 1129 1250; x_wconf 74' lang='lat' dir='ltr'>mentes</span> 
     </span>
     <span class='ocr_line' id='line_1_10' title="bbox 283 1281 1079 1362; baseline -0.004 -18"><span class='ocrx_word' id='word_1_54' title='bbox 283 1282 376 1362; x_wconf 83' lang='lat' dir='ltr'>Quas</span> <span class='ocrx_word' id='word_1_55' title='bbox 392 1282 480 1357; x_wconf 88' lang='lat' dir='ltr'>velit,</span> <span class='ocrx_word' id='word_1_56' title='bbox 498 1293 548 1344; x_wconf 91' lang='lat' dir='ltr'>ast</span> <span class='ocrx_word' id='word_1_57' title='bbox 566 1282 637 1344; x_wconf 89' lang='lat' dir='ltr'>aliis</span> <span class='ocrx_word' id='word_1_58' title='bbox 654 1283 754 1344; x_wconf 92' lang='lat' dir='ltr'>duras</span> <span class='ocrx_word' id='word_1_59' title='bbox 771 1281 948 1345; x_wconf 89' lang='lat' dir='ltr'>immittere</span> <span class='ocrx_word' id='word_1_60' title='bbox 964 1300 1079 1355; x_wconf 89' lang='lat' dir='ltr'>curas;</span> 
     </span>
     <span class='ocr_line' id='line_1_11' title="bbox 283 1385 1122 1467; baseline -0.005 -18"><span class='ocrx_word' id='word_1_61' title='bbox 283 1385 407 1449; x_wconf 89' lang='lat' dir='ltr'>Sistere</span> <span class='ocrx_word' id='word_1_62' title='bbox 424 1406 544 1467; x_wconf 89' lang='lat' dir='ltr'>aquam</span> <span class='ocrx_word' id='word_1_63' title='bbox 562 1386 678 1461; x_wconf 74' lang='lat' dir='ltr'>fluviis</span> <span class='ocrx_word' id='word_1_64' title='bbox 697 1395 730 1449; x_wconf 90' lang='lat' dir='ltr'>et</span> <span class='ocrx_word' id='word_1_65' title='bbox 746 1395 874 1448; x_wconf 92' lang='lat' dir='ltr'>vertere</span> <span class='ocrx_word' id='word_1_66' title='bbox 891 1385 1000 1448; x_wconf 91' lang='lat' dir='ltr'>sidera</span> <span class='ocrx_word' id='word_1_67' title='bbox 1017 1392 1122 1457; x_wconf 90' lang='lat' dir='ltr'>retro;</span> 
     </span>
    </p>

    <p class='ocr_par' dir='ltr' id='par_1_4' title="bbox 193 1488 1244 1882">
     <span class='ocr_line' id='line_1_12' title="bbox 193 1488 1074 1572; baseline -0.003 -20"><span class='ocrx_word' id='word_1_68' title='bbox 193 1516 239 1564; x_wconf 83' lang='lat'>490</span> <span class='ocrx_word' id='word_1_69' title='bbox 284 1490 313 1551; x_wconf 95' lang='lat' dir='ltr'>N</span> <span class='ocrx_word' id='word_1_70' title='bbox 318 1499 540 1572; x_wconf 90' lang='lat' dir='ltr'>octuruosque</span> <span class='ocrx_word' id='word_1_71' title='bbox 557 1491 621 1552; x_wconf 91' lang='lat' dir='ltr'>ciet</span> <span class='ocrx_word' id='word_1_72' title='bbox 638 1492 777 1566; x_wconf 89' lang='lat' dir='ltr'>Manes;</span> <span class='ocrx_word' id='word_1_73' title='bbox 803 1490 930 1570; x_wconf 85' lang='lat' dir='ltr'>mugire</span> <span class='ocrx_word' id='word_1_74' title='bbox 946 1488 1074 1551; x_wconf 88' lang='lat' dir='ltr'>videbis</span> 
     </span>
     <span class='ocr_line' id='line_1_13' title="bbox 282 1592 1244 1674; baseline -0.003 -18"><span class='ocrx_word' id='word_1_75' title='bbox 282 1592 352 1657; x_wconf 86' lang='lat' dir='ltr'>Sub</span> <span class='ocrx_word' id='word_1_76' title='bbox 370 1594 511 1674; x_wconf 89' lang='lat' dir='ltr'>pedibus</span> <span class='ocrx_word' id='word_1_77' title='bbox 528 1603 658 1668; x_wconf 90' lang='lat' dir='ltr'>terram,</span> <span class='ocrx_word' id='word_1_78' title='bbox 677 1604 710 1656; x_wconf 91' lang='lat' dir='ltr'>et</span> <span class='ocrx_word' id='word_1_79' title='bbox 727 1593 929 1657; x_wconf 88' lang='lat' dir='ltr'>descendere</span> <span class='ocrx_word' id='word_1_80' title='bbox 948 1592 1117 1655; x_wconf 91' lang='lat' dir='ltr'>montibus</span> <span class='ocrx_word' id='word_1_81' title='bbox 1133 1611 1244 1654; x_wconf 91' lang='lat' dir='ltr'>ornos.</span> 
     </span>
     <span class='ocr_line' id='line_1_14' title="bbox 281 1697 1192 1778; baseline 0 -20"><span class='ocrx_word' id='word_1_82' title='bbox 281 1697 409 1772; x_wconf 86' lang='lat' dir='ltr'>Testor,</span> <span class='ocrx_word' id='word_1_83' title='bbox 428 1717 513 1772; x_wconf 90' lang='lat' dir='ltr'>cara,</span> <span class='ocrx_word' id='word_1_84' title='bbox 532 1698 611 1760; x_wconf 91' lang='lat' dir='ltr'>deos</span> <span class='ocrx_word' id='word_1_85' title='bbox 628 1706 661 1761; x_wconf 92' lang='lat' dir='ltr'>et</span> <span class='ocrx_word' id='word_1_86' title='bbox 677 1708 719 1772; x_wconf 87' lang='lat' dir='ltr'>te,</span> <span class='ocrx_word' id='word_1_87' title='bbox 736 1717 906 1778; x_wconf 86' lang='lat' dir='ltr'>germana,</span> <span class='ocrx_word' id='word_1_88' title='bbox 923 1707 1085 1778; x_wconf 87' lang='lat' dir='ltr'>tuumque</span> <span class='ocrx_word' id='word_1_89' title='bbox 1190 1709 1192 1713; x_wconf 85' lang='grc'><strong>’</strong></span> 
     </span>
     <span class='ocr_line' id='line_1_15' title="bbox 284 1801 1136 1882; baseline 0.001 -21"><span class='ocrx_word' id='word_1_90' title='bbox 284 1801 390 1863; x_wconf 87' lang='lat' dir='ltr'>Dulce</span> <span class='ocrx_word' id='word_1_91' title='bbox 407 1811 516 1880; x_wconf 89' lang='lat' dir='ltr'>caput,</span> <span class='ocrx_word' id='word_1_92' title='bbox 536 1801 682 1882; x_wconf 87' lang='lat' dir='ltr'>magicas</span> <span class='ocrx_word' id='word_1_93' title='bbox 699 1803 836 1864; x_wconf 90' lang='lat' dir='ltr'>invitam</span> <span class='ocrx_word' id='word_1_94' title='bbox 855 1803 1021 1882; x_wconf 86' lang='lat' dir='ltr'>accingier</span> <span class='ocrx_word' id='word_1_95' title='bbox 1037 1811 1136 1864; x_wconf 76' lang='lat' dir='ltr'>artes,</span> 
     </span>
    </p>

    <p class='ocr_par' dir='ltr' id='par_1_5' title="bbox 281 1902 1082 1989">
     <span class='ocr_line' id='line_1_16' title="bbox 281 1902 1082 1989; baseline 0.001 -24"><span class='ocrx_word' id='word_1_96' title='bbox 281 1905 333 1965; x_wconf 91' lang='lat' dir='ltr'>Tu</span> <span class='ocrx_word' id='word_1_97' title='bbox 350 1914 477 1966; x_wconf 91' lang='lat' dir='ltr'>secreta</span> <span class='ocrx_word' id='word_1_98' title='bbox 495 1926 610 1989; x_wconf 93' lang='lat' dir='ltr'>pyram</span> <span class='ocrx_word' id='word_1_99' title='bbox 627 1915 715 1969; x_wconf 90' lang='lat' dir='ltr'>tecto</span> <span class='ocrx_word' id='word_1_100' title='bbox 732 1905 887 1969; x_wconf 90' lang='lat' dir='ltr'>interiore</span> <span class='ocrx_word' id='word_1_101' title='bbox 905 1906 966 1968; x_wconf 91' lang='lat' dir='ltr'>sub</span> <span class='ocrx_word' id='word_1_102' title='bbox 983 1902 1082 1967; x_wconf 90' lang='lat' dir='ltr'>auras</span> 
     </span>
    </p>

    <p class='ocr_par' dir='ltr' id='par_1_6' title="bbox 193 2007 1289 2402">
     <span class='ocr_line' id='line_1_17' title="bbox 193 2007 1139 2093; baseline 0.003 -26"><span class='ocrx_word' id='word_1_103' title='bbox 193 2031 239 2083; x_wconf 82' lang='lat'>495</span> <span class='ocrx_word' id='word_1_104' title='bbox 284 2007 393 2088; x_wconf 88' lang='lat' dir='ltr'>Erige,</span> <span class='ocrx_word' id='word_1_105' title='bbox 412 2017 444 2070; x_wconf 90' lang='lat' dir='ltr'>et</span> <span class='ocrx_word' id='word_1_106' title='bbox 461 2028 553 2070; x_wconf 91' lang='lat' dir='ltr'>arma</span> <span class='ocrx_word' id='word_1_107' title='bbox 568 2009 638 2084; x_wconf 87' lang='lat' dir='ltr'>viri,</span> <span class='ocrx_word' id='word_1_108' title='bbox 657 2010 804 2072; x_wconf 89' lang='lat' dir='ltr'>thalamo</span> <span class='ocrx_word' id='word_1_109' title='bbox 821 2030 907 2093; x_wconf 91' lang='lat' dir='ltr'>quae</span> <span class='ocrx_word' id='word_1_110' title='bbox 925 2011 989 2072; x_wconf 88' lang='lat' dir='ltr'>fixa</span> <span class='ocrx_word' id='word_1_111' title='bbox 1005 2009 1139 2091; x_wconf 88' lang='lat' dir='ltr'>reliquit</span> 
     </span>
     <span class='ocr_line' id='line_1_18' title="bbox 283 2111 1163 2196; baseline 0.003 -26"><span class='ocrx_word' id='word_1_112' title='bbox 283 2111 419 2191; x_wconf 94' lang='lat' dir='ltr'>lmpius,</span> <span class='ocrx_word' id='word_1_113' title='bbox 437 2113 637 2194; x_wconf 88' lang='lat' dir='ltr'>exuviasque</span> <span class='ocrx_word' id='word_1_114' title='bbox 655 2133 779 2189; x_wconf 89' lang='lat' dir='ltr'>omnes,</span> <span class='ocrx_word' id='word_1_115' title='bbox 798 2114 988 2196; x_wconf 90' lang='lat' dir='ltr'>lectumque</span> <span class='ocrx_word' id='word_1_116' title='bbox 1005 2112 1163 2193; x_wconf 86' lang='lat' dir='ltr'>iugalem,</span> 
     </span>
     <span class='ocr_line' id='line_1_19' title="bbox 283 2213 1073 2298; baseline 0.005 -24"><span class='ocrx_word' id='word_1_117' title='bbox 283 2213 358 2294; x_wconf 87' lang='lat' dir='ltr'>Quo</span> <span class='ocrx_word' id='word_1_118' title='bbox 376 2215 466 2294; x_wconf 84' lang='lat' dir='ltr'>perii,</span> <span class='ocrx_word' id='word_1_119' title='bbox 487 2216 758 2298; x_wconf 91' lang='lat' dir='ltr'>superimponas;</span> <span class='ocrx_word' id='word_1_120' title='bbox 784 2218 917 2280; x_wconf 89' lang='lat' dir='ltr'>abolere</span> <span class='ocrx_word' id='word_1_121' title='bbox 934 2218 1073 2280; x_wconf 79' lang='lat' dir='ltr'>nefandi</span> 
     </span>
     <span class='ocr_line' id='line_1_20' title="bbox 282 2316 1289 2402; baseline 0.006 -25"><span class='ocrx_word' id='word_1_122' title='bbox 282 2316 411 2378; x_wconf 90' lang='lat' dir='ltr'>Cuncta</span> <span class='ocrx_word' id='word_1_123' title='bbox 426 2318 486 2379; x_wconf 88' lang='lat' dir='ltr'>viri</span> <span class='ocrx_word' id='word_1_124' title='bbox 503 2330 719 2382; x_wconf 88' lang='lat' dir='ltr'>monumenta</span> <span class='ocrx_word' id='word_1_125' title='bbox 736 2321 834 2396; x_wconf 90' lang='lat' dir='ltr'>iuvat,</span> <span class='ocrx_word' id='word_1_126' title='bbox 853 2331 1083 2402; x_wconf 91' lang='lat' dir='ltr'>monstratque</span> <span class='ocrx_word' id='word_1_127' title='bbox 1101 2319 1289 2383; x_wconf 90' lang='lat' dir='ltr'>sacerdos.’&#39;</span> 
     </span>
    </p>

    <p class='ocr_par' dir='ltr' id='par_1_7' title="bbox 328 2419 1121 2507">
     <span class='ocr_line' id='line_1_21' title="bbox 328 2419 1121 2507; baseline 0.006 -26"><span class='ocrx_word' id='word_1_128' title='bbox 328 2419 421 2483; x_wconf 90' lang='lat' dir='ltr'>Haec</span> <span class='ocrx_word' id='word_1_129' title='bbox 438 2421 541 2483; x_wconf 84' lang='lat' dir='ltr'>effata</span> <span class='ocrx_word' id='word_1_130' title='bbox 558 2423 639 2498; x_wconf 89' lang='lat' dir='ltr'>silet,</span> <span class='ocrx_word' id='word_1_131' title='bbox 659 2425 764 2505; x_wconf 91' lang='lat' dir='ltr'>pallor</span> <span class='ocrx_word' id='word_1_132' title='bbox 780 2426 878 2488; x_wconf 92' lang='lat' dir='ltr'>simul</span> <span class='ocrx_word' id='word_1_133' title='bbox 895 2434 1038 2507; x_wconf 91' lang='lat' dir='ltr'>occupat</span> <span class='ocrx_word' id='word_1_134' title='bbox 1053 2445 1121 2487; x_wconf 91' lang='lat' dir='ltr'>ora.</span> 
     </span>
    </p>

    <p class='ocr_par' dir='ltr' id='par_1_8' title="bbox 196 2521 1214 2914">
     <span class='ocr_line' id='line_1_22' title="bbox 196 2521 1193 2609; baseline 0.008 -28"><span class='ocrx_word' id='word_1_135' title='bbox 196 2545 241 2596; x_wconf 86' lang='lat'>500</span> <span class='ocrx_word' id='word_1_136' title='bbox 284 2521 362 2584; x_wconf 90' lang='lat' dir='ltr'>Non</span> <span class='ocrx_word' id='word_1_137' title='bbox 379 2533 489 2587; x_wconf 91' lang='lat' dir='ltr'>tamen</span> <span class='ocrx_word' id='word_1_138' title='bbox 507 2525 609 2588; x_wconf 86' lang='lat' dir='ltr'>Anna</span> <span class='ocrx_word' id='word_1_139' title='bbox 626 2528 721 2589; x_wconf 91' lang='lat' dir='ltr'>novis</span> <span class='ocrx_word' id='word_1_140' title='bbox 739 2521 933 2609; x_wconf 87' lang='lat' dir='ltr'>praetexere</span> <span class='ocrx_word' id='word_1_141' title='bbox 951 2529 1071 2592; x_wconf 84' lang='lat' dir='ltr'>lunera</span> <span class='ocrx_word' id='word_1_142' title='bbox 1087 2530 1193 2591; x_wconf 90' lang='lat' dir='ltr'>sacris</span> 
     </span>
     <span class='ocr_line' id='line_1_23' title="bbox 283 2625 1097 2705; baseline 0.009 -18"><span class='ocrx_word' id='word_1_143' title='bbox 283 2625 481 2689; x_wconf 89' lang='lat' dir='ltr'>Germanam</span> <span class='ocrx_word' id='word_1_144' title='bbox 500 2631 612 2705; x_wconf 87' lang='lat' dir='ltr'>credit,</span> <span class='ocrx_word' id='word_1_145' title='bbox 632 2650 692 2693; x_wconf 88' lang='lat' dir='ltr'>nec</span> <span class='ocrx_word' id='word_1_146' title='bbox 709 2642 818 2694; x_wconf 90' lang='lat' dir='ltr'>tantos</span> <span class='ocrx_word' id='word_1_147' title='bbox 836 2642 947 2695; x_wconf 91' lang='lat' dir='ltr'>mente</span> <span class='ocrx_word' id='word_1_148' title='bbox 965 2633 1097 2696; x_wconf 83' lang='lat' dir='ltr'>furores</span> 
     </span>
     <span class='ocr_line' id='line_1_24' title="bbox 283 2728 1214 2820; baseline 0.006 -28"><span class='ocrx_word' id='word_1_149' title='bbox 283 2728 444 2809; x_wconf 89' lang='lat' dir='ltr'>Concipit,</span> <span class='ocrx_word' id='word_1_150' title='bbox 463 2741 520 2794; x_wconf 91' lang='lat' dir='ltr'>aut</span> <span class='ocrx_word' id='word_1_151' title='bbox 536 2735 688 2812; x_wconf 88' lang='lat' dir='ltr'>graviora</span> <span class='ocrx_word' id='word_1_152' title='bbox 705 2735 799 2798; x_wconf 91' lang='lat' dir='ltr'>timet</span> <span class='ocrx_word' id='word_1_153' title='bbox 816 2756 915 2817; x_wconf 91' lang='lat' dir='ltr'>quam</span> <span class='ocrx_word' id='word_1_154' title='bbox 932 2747 1039 2798; x_wconf 89' lang='lat' dir='ltr'>morte</span> <span class='ocrx_word' id='word_1_155' title='bbox 1057 2735 1214 2820; x_wconf 88' lang='lat' dir='ltr'>Sychaei.</span> 
     </span>
     <span class='ocr_line' id='line_1_25' title="bbox 285 2831 600 2914; baseline 0.022 -25"><span class='ocrx_word' id='word_1_156' title='bbox 285 2831 375 2909; x_wconf 87' lang='lat' dir='ltr'>Ergo</span> <span class='ocrx_word' id='word_1_157' title='bbox 392 2833 480 2894; x_wconf 90' lang='lat' dir='ltr'>iussa</span> <span class='ocrx_word' id='word_1_158' title='bbox 498 2845 600 2914; x_wconf 91' lang='lat' dir='ltr'>parat.</span> 
     </span>
    </p>

    <p class='ocr_par' dir='ltr' id='par_1_9' title="bbox 327 2932 1135 3030">
     <span class='ocr_line' id='line_1_26' title="bbox 327 2932 1135 3030; baseline 0.015 -37"><span class='ocrx_word' id='word_1_159' title='bbox 327 2932 374 2994; x_wconf 88' lang='lat' dir='ltr'>At</span> <span class='ocrx_word' id='word_1_160' title='bbox 391 2935 513 3014; x_wconf 87' lang='lat' dir='ltr'>regina,</span> <span class='ocrx_word' id='word_1_161' title='bbox 532 2958 615 3020; x_wconf 92' lang='lat' dir='ltr'>pyra</span> <span class='ocrx_word' id='word_1_162' title='bbox 631 2942 792 3030; x_wconf 76' lang='lat' dir='ltr'>penetrali</span> <span class='ocrx_word' id='word_1_163' title='bbox 809 2942 842 3003; x_wconf 91' lang='lat' dir='ltr'>in</span> <span class='ocrx_word' id='word_1_164' title='bbox 860 2943 938 3006; x_wconf 90' lang='lat' dir='ltr'>sede</span> <span class='ocrx_word' id='word_1_165' title='bbox 956 2943 1017 3006; x_wconf 92' lang='lat' dir='ltr'>sub</span> <span class='ocrx_word' id='word_1_166' title='bbox 1035 2963 1135 3006; x_wconf 91' lang='lat' dir='ltr'>auras</span> 
     </span>
    </p>

    <p class='ocr_par' dir='ltr' id='par_1_10' title="bbox 198 3034 1097 3436">
     <span class='ocr_line' id='line_1_27' title="bbox 198 3034 992 3124; baseline 0.019 -31"><span class='ocrx_word' id='word_1_167' title='bbox 198 3058 241 3108; x_wconf 84' lang='lat'>505</span> <span class='ocrx_word' id='word_1_168' title='bbox 286 3034 405 3096; x_wconf 88' lang='lat' dir='ltr'>Erecta</span> <span class='ocrx_word' id='word_1_169' title='bbox 421 3037 548 3116; x_wconf 85' lang='lat' dir='ltr'>ingenti</span> <span class='ocrx_word' id='word_1_170' title='bbox 564 3041 669 3103; x_wconf 90' lang='lat' dir='ltr'>taedis</span> <span class='ocrx_word' id='word_1_171' title='bbox 686 3053 785 3124; x_wconf 91' lang='lat' dir='ltr'>atque</span> <span class='ocrx_word' id='word_1_172' title='bbox 802 3045 875 3107; x_wconf 93' lang='lat' dir='ltr'>ilice</span> <span class='ocrx_word' id='word_1_173' title='bbox 892 3056 992 3122; x_wconf 89' lang='lat' dir='ltr'>secta,</span> 
     </span>
     <span class='ocr_line' id='line_1_28' title="bbox 285 3136 1075 3219; baseline 0.024 -24"><span class='ocrx_word' id='word_1_174' title='bbox 285 3136 497 3219; x_wconf 88' lang='lat' dir='ltr'>Intenditque</span> <span class='ocrx_word' id='word_1_175' title='bbox 514 3142 621 3204; x_wconf 93' lang='lat' dir='ltr'>locum</span> <span class='ocrx_word' id='word_1_176' title='bbox 639 3146 734 3208; x_wconf 89' lang='lat' dir='ltr'>sertis</span> <span class='ocrx_word' id='word_1_177' title='bbox 751 3156 783 3210; x_wconf 91' lang='lat' dir='ltr'>et</span> <span class='ocrx_word' id='word_1_178' title='bbox 801 3149 920 3212; x_wconf 81' lang='lat' dir='ltr'>fronde</span> <span class='ocrx_word' id='word_1_179' title='bbox 936 3159 1075 3213; x_wconf 91' lang='lat' dir='ltr'>coronat</span> 
     </span>
     <span class='ocr_line' id='line_1_29' title="bbox 286 3239 1097 3335; baseline 0.023 -37"><span class='ocrx_word' id='word_1_180' title='bbox 286 3239 454 3316; x_wconf 83' lang='lat' dir='ltr'>Funerea3</span> <span class='ocrx_word' id='word_1_181' title='bbox 480 3263 580 3324; x_wconf 90' lang='lat' dir='ltr'>super</span> <span class='ocrx_word' id='word_1_182' title='bbox 596 3248 729 3312; x_wconf 87' lang='lat' dir='ltr'>exuvias</span> <span class='ocrx_word' id='word_1_183' title='bbox 746 3270 926 3335; x_wconf 92' lang='lat' dir='ltr'>ensemque</span> <span class='ocrx_word' id='word_1_184' title='bbox 943 3254 1097 3317; x_wconf 91' lang='lat' dir='ltr'>relictum</span> 
     </span>
     <span class='ocr_line' id='line_1_30' title="bbox 286 3340 1075 3436; baseline 0.025 -36"><span class='ocrx_word' id='word_1_185' title='bbox 286 3340 503 3425; x_wconf 85' lang='lat' dir='ltr'>Effigiemque</span> <span class='ocrx_word' id='word_1_186' title='bbox 520 3357 591 3410; x_wconf 92' lang='lat' dir='ltr'>toro</span> <span class='ocrx_word' id='word_1_187' title='bbox 608 3351 704 3427; x_wconf 91' lang='lat' dir='ltr'>locat,</span> <span class='ocrx_word' id='word_1_188' title='bbox 722 3354 811 3416; x_wconf 90' lang='lat' dir='ltr'>haud</span> <span class='ocrx_word' id='word_1_189' title='bbox 829 3356 946 3436; x_wconf 85' lang='lat' dir='ltr'>ignara</span> <span class='ocrx_word' id='word_1_190' title='bbox 963 3358 1075 3420; x_wconf 84' lang='lat' dir='ltr'>futuri.</span> 
     </span>
    </p>

    <p class='ocr_par' dir='ltr' id='par_1_11' title="bbox 198 3442 1221 3648">
     <span class='ocr_line' id='line_1_31' title="bbox 285 3442 1093 3527; baseline 0.026 -23"><span class='ocrx_word' id='word_1_191' title='bbox 285 3442 381 3506; x_wconf 89' lang='lat' dir='ltr'>Stant</span> <span class='ocrx_word' id='word_1_192' title='bbox 398 3465 473 3509; x_wconf 91' lang='lat' dir='ltr'>arae</span> <span class='ocrx_word' id='word_1_193' title='bbox 489 3449 621 3527; x_wconf 89' lang='lat' dir='ltr'>circum,</span> <span class='ocrx_word' id='word_1_194' title='bbox 639 3465 671 3516; x_wconf 91' lang='lat' dir='ltr'>et</span> <span class='ocrx_word' id='word_1_195' title='bbox 688 3456 794 3520; x_wconf 89' lang='lat' dir='ltr'>crines</span> <span class='ocrx_word' id='word_1_196' title='bbox 811 3460 920 3522; x_wconf 87' lang='lat' dir='ltr'>effusa</span> <span class='ocrx_word' id='word_1_197' title='bbox 937 3462 1093 3524; x_wconf 90' lang='lat' dir='ltr'>sacerdos</span> 
     </span>
     <span class='ocr_line' id='line_1_32' title="bbox 198 3544 1221 3648; baseline 0.028 -47"><span class='ocrx_word' id='word_1_198' title='bbox 198 3567 242 3616; x_wconf 80' lang='lat'>510</span> <span class='ocrx_word' id='word_1_199' title='bbox 283 3544 348 3606; x_wconf 89' lang='lat' dir='ltr'>Ter</span> <span class='ocrx_word' id='word_1_200' title='bbox 366 3558 496 3610; x_wconf 88' lang='lat' dir='ltr'>centum</span> <span class='ocrx_word' id='word_1_201' title='bbox 515 3561 608 3616; x_wconf 91' lang='lat' dir='ltr'>tonat</span> <span class='ocrx_word' id='word_1_202' title='bbox 624 3575 679 3618; x_wconf 91' lang='lat' dir='ltr'>ore</span> <span class='ocrx_word' id='word_1_203' title='bbox 697 3559 784 3634; x_wconf 76' lang='lat' dir='ltr'>deoS,</span> <span class='ocrx_word' id='word_1_204' title='bbox 805 3562 1020 3647; x_wconf 90' lang='lat' dir='ltr'>Erebumque</span> <span class='ocrx_word' id='word_1_205' title='bbox 1037 3566 1221 3648; x_wconf 89' lang='lat' dir='ltr'>Chaosque</span> 
     </span>
    </p>
   </div>
   <div class='ocr_carea' id='block_1_3' title="bbox 284 3646 1237 3850">
    <p class='ocr_par' dir='ltr' id='par_1_12' title="bbox 284 3646 1237 3850">
     <span class='ocr_line' id='line_1_33' title="bbox 284 3646 1237 3748; baseline 0.031 -43"><span class='ocrx_word' id='word_1_206' title='bbox 284 3646 583 3734; x_wconf 83' lang='lat' dir='ltr'>Tergeminamque</span> <span class='ocrx_word' id='word_1_207' title='bbox 601 3659 763 3735; x_wconf 89' lang='lat' dir='ltr'>Hecaten,</span> <span class='ocrx_word' id='word_1_208' title='bbox 782 3665 844 3726; x_wconf 91' lang='lat' dir='ltr'>tria</span> <span class='ocrx_word' id='word_1_209' title='bbox 861 3665 998 3748; x_wconf 86' lang='lat' dir='ltr'>virginis</span> <span class='ocrx_word' id='word_1_210' title='bbox 1016 3690 1074 3732; x_wconf 94' lang='lat' dir='ltr'>ora</span> <span class='ocrx_word' id='word_1_211' title='bbox 1094 3671 1237 3734; x_wconf 89' lang='lat' dir='ltr'>Dianae.</span> 
     </span>
     <span class='ocr_line' id='line_1_34' title="bbox 286 3747 1101 3850; baseline 0.036 -43"><span class='ocrx_word' id='word_1_212' title='bbox 286 3747 460 3830; x_wconf 88' lang='lat' dir='ltr'>Sparserat</span> <span class='ocrx_word' id='word_1_213' title='bbox 475 3761 508 3814; x_wconf 92' lang='lat' dir='ltr'>et</span> <span class='ocrx_word' id='word_1_214' title='bbox 524 3754 637 3820; x_wconf 91' lang='lat' dir='ltr'>latices</span> <span class='ocrx_word' id='word_1_215' title='bbox 654 3761 823 3828; x_wconf 90' lang='lat' dir='ltr'>simulatos</span> <span class='ocrx_word' id='word_1_216' title='bbox 840 3769 943 3833; x_wconf 81' lang='lat' dir='ltr'>tontis</span> <span class='ocrx_word' id='word_1_217' title='bbox 960 3773 1101 3850; x_wconf 88' lang='lat' dir='ltr'>Averni,</span> 
     </span>
    </p>
   </div>
   <div class='ocr_carea' id='block_1_4' title="bbox 0 0 1406 4282">
    <p class='ocr_par' dir='ltr' id='par_1_13' title="bbox 0 0 1406 4282">
     <span class='ocr_line' id='line_1_35' title="bbox 0 0 1406 4282; baseline 0 0"><span class='ocrx_word' id='word_1_218' title='bbox 0 0 1406 4282; x_wconf 95' lang='lat' dir='ltr'> </span> 
     </span>
    </p>
   </div>
  </div>
 </body>
</html>
