2796 4282
496 282 611 342 LIBER
636 288 807 342 TERTIUS

180 470 334 552 Virgulta
351 479 385 533 et
402 467 517 532 densis
534 467 708 531 hastilibus
725 467 859 530 horrida
875 476 1011 552 myrtus.

181 574 329 650 Accessi,
349 573 557 656 viridemque
573 571 616 635 ab
633 573 734 635 humo
751 571 939 636 convellere
955 571 1071 636 silvam

103 707 130 761 ²⁵
181 681 339 754 Conatus,
357 677 460 740 ramis
477 687 625 758 tegerem
643 685 679 739 ut
696 676 929 739 frondentibus
946 697 1031 753 aras

184 783 400 848 Horrendum
418 791 452 844 et
468 780 558 844 dictu
574 781 670 843 video
688 780 837 843 mirabile
853 790 1047 844 monstrum.

184 889 279 964 Nam,
298 906 386 969 quae
403 885 512 968 prima
528 885 598 948 solo
614 884 721 966 ruptis
738 884 904 948 radicibus
921 886 1018 949 arbos

182 993 333 1067 Vellitur,
351 992 428 1054 huic
446 1001 517 1053 atro
534 989 704 1071 liquuntur
721 992 885 1071 sanguine
901 999 1016 1071 guttae

183 1098 226 1160 Et
240 1106 367 1160 terram
384 1095 463 1158 tabo
481 1094 657 1156 maculant.
707 1093 793 1156 Mihi
811 1093 951 1174 frigidus
967 1096 1082 1158 horror

100 1228 131 1279 30
183 1201 337 1264 Membra
354 1200 470 1282 quatit,
489 1197 686 1280 gelidusque
704 1197 769 1262 coit
786 1197 963 1261 formidine
980 1200 1125 1280 sanguis.

185 1307 314 1367 Rursus
331 1313 364 1367 et
381 1303 517 1367 alterius
535 1302 660 1365 lentum
678 1302 864 1365 convellere
880 1301 991 1366 vimen

184 1409 348 1491 Insequor
363 1417 396 1471 et
413 1427 530 1470 causas
546 1405 681 1488 penitus
698 1415 863 1488 temptare
879 1406 1037 1482 latentes;

182 1514 268 1576 Ater
284 1521 318 1576 et
334 1511 470 1574 alterius
487 1509 635 1593 sequitur
652 1510 693 1573 de
710 1510 831 1573 cortice
849 1512 993 1592 sanguis

228 1617 338 1680 Multa
355 1627 493 1679 movens
510 1614 621 1678 animo
640 1615 818 1698 Nymphas
835 1615 1019 1678 venerabar
1035 1625 1185 1698 agrestes

99 1747 128 1798 35
181 1721 432 1802 Gradivumque
450 1729 589 1801 patrem,
609 1717 733 1782 Geticis
750 1718 807 1800 qui
825 1718 990 1800 praesidet
1007 1719 1102 1795 arvis,

185 1825 262 1887 Rite
279 1823 503 1887 secundarent
518 1824 608 1886 visus
626 1842 791 1904 omenque
808 1823 963 1886 levarent.

183 1929 298 1992 Tertia
314 1929 372 2019 sed
390 1937 567 2010 postquam
585 1928 709 1990 maiore
726 1926 857 1990 hastilia
873 1927 948 1990 nisu

184 2033 376 2115 Aggredior
392 2032 601 2114 genibusque
617 2032 778 2094 adversae
794 2030 945 2094 obluctor
962 2033 1106 2096 harenae
1117 2070 1160 2080 -

185 2138 343 2219 Eloquar,
361 2157 404 2199 an
421 2135 535 2199 sileam
548 2136 767 2217 ?—gemitus
784 2133 995 2198 lacrimabilis
1011 2135 1076 2200 imo

98 2269 128 2315 40
182 2241 331 2304 Auditur
345 2240 482 2316 tumulo
500 2249 533 2303 et
548 2260 611 2303 vox
629 2239 758 2303 reddita
774 2239 880 2302 fertur
895 2239 938 2302 ad
954 2260 1050 2304 aures

185 2345 307 2428 “Quid
324 2344 490 2420 miserum,
509 2344 637 2420 Aenea,
657 2344 806 2406 laceras?
831 2343 897 2405 iarn
914 2363 1014 2426 parce
1030 2345 1179 2428 sepulto;

184 2451 289 2513 Parce
305 2449 377 2531 pias
394 2450 557 2512 scelerare
575 2468 701 2510 manus.
751 2449 828 2511 Non
847 2467 899 2510 me
916 2449 974 2511 tibi
990 2449 1090 2512 Troia

185 2555 370 2616 Externum
388 2552 470 2628 tulit,
489 2562 546 2615 aut
562 2572 659 2615 cruor
676 2553 729 2615 hic
746 2552 788 2614 de
806 2551 917 2632 stipite
934 2562 1055 2616 manat.

185 2659 284 2720 Heu!
309 2658 390 2739 fuge
407 2656 559 2721 crudeles
576 2667 691 2732 terras,
711 2657 792 2738 fuge
809 2656 885 2720 litus
902 2676 1047 2720 avarum.

183 2763 272 2824 Nam
291 2761 474 2846 Polydorus
485 2773 563 2844 'ego
612 2761 679 2824 Hic
697 2761 862 2824 confixum
881 2761 989 2824 ferrea
1004 2762 1085 2825 texit

183 2866 341 2930 Telorum
359 2886 456 2948 seges
472 2875 506 2929 et
521 2865 636 2929 iaculis
653 2865 792 2928 increvit
809 2863 945 2928 acutis.''

228 2971 316 3033 Tum
332 2990 411 3035 vero
427 2971 563 3053 ancipiti
580 2979 725 3034 mentem
744 2968 921 3033 formidine
938 2989 1073 3052 pressus

185 3074 353 3157 Obstipui,
371 3085 600 3158 steteruntque
616 3094 732 3138 comae
748 3083 782 3137 et
798 3094 862 3138 vox
878 3073 1030 3138 saucibus
1047 3076 1160 3138 haesit.

186 3179 289 3242 Hunc
311 3180 509 3264 Polydorum
530 3178 601 3242 auri
620 3179 788 3261 quondam
814 3198 889 3240 cum
910 3179 1057 3260 pondere
1079 3199 1202 3260 magno

97 3309 126 3362 5ο
183 3283 308 3346 Infelix
326 3284 475 3346 Priamus
492 3283 604 3347 furtim
622 3283 797 3346 mandarat
814 3281 969 3345 alendum

184 3387 435 3469 Threicio‘regi
453 3407 529 3451 cum
546 3387 610 3451 iam
627 3387 791 3451 diffideret
807 3386 907 3450 armis

187 3492 378 3555 Dardaniae
391 3491 546 3574 cingique
563 3491 678 3554 urbem
695 3490 867 3554 obsidione
883 3490 1018 3554 videret.

187 3596 258 3672 Ille,
277 3606 313 3659 ut
329 3616 410 3678 opes
428 3596 552 3659 fractae
569 3595 746 3671 Teucrum,
764 3605 797 3658 et
814 3595 963 3658 Fortuna
980 3596 1126 3673 recessit,

188 3700 257 3762 Res
275 3699 562 3780 Agamemnonias
579 3698 791 3780 victriciaque
808 3719 901 3761 arma
918 3710 1060 3776 secutus,

101 3827 128 3882 55
185 3803 253 3865 Fas
270 3823 368 3866 omne
385 3803 570 3886 abrumpit;
597 3803 795 3887 Polydorum
812 3801 996 3876 obtruncat,
1016 3813 1048 3865 et
1065 3823 1145 3866 auro

277 3914 569 3962 incrusurum-6
