2796 4282
473 341 588 395 LIBER
613 342 787 411 QUINTUS

150 525 200 588 Ire
214 525 346 599 volunt,
365 541 571 604 omnemque
587 524 690 604 fugae
708 525 858 605 perferre
874 525 1031 590 laborem.

69 655 114 701 770
140 629 229 710 Quos
244 628 360 690 bonus
378 627 518 689 Aeneas
533 627 630 689 dictis
647 628 773 690 solatur
788 629 911 705 amicis,

152 733 191 794 Et
207 732 470 812 consanguineo
487 731 663 812 lacrimans
680 733 892 796 commendat
908 736 1063 798 Acestae.

101 852 103 856 ·
150 839 231 899 Tres
248 835 356 920 Eryci
371 836 496 898 vitulos
511 845 544 897 et
561 836 832 917 Tempestatibus
848 857 969 918 agnam

151 942 299 1004 Caedere
316 941 442 1004 deinde
458 940 558 1016 iubet,
576 941 725 1022 solvique
743 961 785 1003 ex
800 942 914 1005 ordine
930 944 1055 1005 funem.

152 1047 238 1128 lpse,
256 1055 364 1126 caput
380 1055 498 1108 tonsae
513 1045 603 1107 loliis
619 1043 770 1108 evinctus
787 1046 902 1122 olivae,

70 1174 113 1226 775
151 1149 250 1213 Stans
267 1149 389 1231 procul
406 1151 440 1210 in
457 1169 555 1230 prora
573 1159 722 1230 pateram
740 1159 841 1225 tenet,
859 1161 1001 1232 extaque
1018 1151 1121 1214 salsos

151 1253 271 1317 Proicit
288 1254 322 1315 in
341 1253 462 1316 fluctus
478 1274 517 1315 ac
534 1253 611 1315 vina
629 1253 787 1335 liquentia
804 1253 922 1316 tundit.

152 1357 370 1440 Prosequitur
386 1377 527 1438 surgens
544 1377 563 1418 a
579 1358 685 1438 puppi
701 1367 821 1420 ventus
836 1368 971 1434 euntes3
1051 1405 1054 1410 ·

152 1461 313 1523 Certatim
331 1461 413 1524 socii
429 1461 554 1523 feriunt
569 1481 660 1523 mare
676 1471 711 1524 et
727 1481 872 1543 aequora
887 1473 1029 1524 verrunt.

193 1670 242 1734 At
257 1671 379 1734 Venus
395 1670 521 1734 interea
539 1671 736 1752 Neptunum
753 1670 897 1735 exercita
913 1673 1000 1754 curis
1103 1681 1109 1702 l

73 1785 116 1845 780
153 1774 367 1856 Adloquitur,
385 1775 535 1855 talesque
551 1774 697 1836 effundit
713 1784 847 1856 pectore
863 1778 1019 1856 questus:

154 1883 170 1908 “
182 1879 323 1940 lunonis
341 1879 452 1958 gravis
468 1879 517 1939 im.
531 1897 594 1940 nec
611 1863 833 1941 exsaturabile
849 1888 965 1959 pectus

152 1982 287 2062 Cogunt
304 2001 368 2057 me,
388 1983 556 2062 Neptune,
575 2001 691 2062 preces
707 1982 909 2045 descendere
925 1982 958 2044 in
975 2001 1108 2060 omnes;

153 2085 261 2167 Quam
280 2105 344 2148 nec
360 2085 462 2166 longa
477 2085 557 2161 dies,
575 2086 681 2167 pietas
698 2104 759 2149 nec
776 2086 906 2168 mitigat
922 2087 997 2162 ulla,

154 2189 224 2253 Nec
242 2189 336 2253 Iovis
352 2189 491 2270 imperio
506 2190 652 2272 fatisque
668 2190 810 2253 infracta
827 2190 974 2272 quiescit.

76 2303 116 2368 785
154 2294 229 2356 Non
246 2293 359 2356 media
375 2293 417 2355 de
433 2302 534 2374 gente
552 2294 721 2378 Phrygum
739 2295 889 2357 exedisse
905 2295 1060 2357 nefandis

153 2397 281 2462 Urbem
299 2396 384 2460 odiis
400 2397 480 2460 satis
496 2407 556 2473 est,
574 2418 636 2460 nec
653 2419 795 2479 poenam
812 2408 903 2461 traxe
922 2419 981 2480 per
996 2413 1147 2476 omnem;

154 2501 327 2583 Reliquias
343 2501 472 2576 Troiae,
491 2503 619 2564 cineres
635 2511 735 2584 atque
751 2523 826 2564 ossa
843 2489 1036 2584 peremptae

153 2605 355 2686 Insequitur.
404 2605 531 2668 Causas
547 2605 632 2668 tanti
648 2608 730 2668 sciat
745 2607 801 2668 illa
817 2606 946 2668 furoris.

154 2709 232 2790 Ipse
248 2709 331 2770 mihi
346 2729 454 2789 nuper
472 2709 606 2794 Libycis
622 2720 657 2772 tu
674 2710 767 2772 testis
783 2695 817 2772 in
835 2711 931 2772 undis

74 2837 114 2886 790
143 2813 254 2895 Quam
271 2814 393 2876 molem
410 2813 518 2876 subito
535 2814 688 2888 excierit;
712 2814 816 2876 maria
832 2814 942 2876 omnia
958 2814 1050 2876 caelo

153 2916 301 2992 Miscuit,
319 2916 447 2979 Aeoliis
467 2917 669 3000 nequiquam
686 2918 773 2980 freta
790 2918 951 3000 procellis

153 3021 192 3082 ln
210 3020 325 3102 regnis
341 3022 403 3084 hoc
421 3041 502 3083 ausa
518 3021 592 3084 tuis.

153 3126 216 3188 Per
232 3124 341 3188 scelus
357 3143 435 3189 ecce
451 3126 550 3188 etiam
568 3126 722 3190 Troianis
738 3126 898 3204 matribus
914 3125 995 3188 actis

153 3228 290 3291 Exussit
306 3229 405 3292 foede
422 3251 563 3312 puppes
581 3240 614 3293 et
630 3230 736 3293 classe
753 3229 885 3311 subegit

73 3357 113 3408 795
152 3332 290 3395 Amissa
306 3336 413 3397 socios
430 3336 564 3416 ignotae
581 3335 729 3416 linquere
745 3343 860 3398 terrae.

152 3437 251 3519 Quod
270 3448 432 3520 superest,
450 3459 516 3516 otu,
536 3439 633 3502 liceat
649 3439 729 3501 dare
744 3447 817 3500 tuta
833 3455 892 3520 per
907 3438 1014 3500 undas

151 3541 237 3605 Vela
253 3542 320 3618 tibi,
339 3543 437 3605 liceat
455 3543 656 3606 Laurentem
674 3543 838 3623 attingere
855 3541 1024 3626 Thybrim,

152 3645 189 3710 Si
204 3665 365 3710 concessa
382 3656 468 3728 peto,
487 3647 611 3712 sidant
627 3665 667 3709 ea
684 3647 814 3709 moenia
832 3645 986 3708 Parcae.”

196 3751 282 3813 Tum
300 3733 477 3815 Saturnius
494 3752 576 3814 haec
592 3751 735 3813 domitor
751 3750 851 3812 maris
868 3749 971 3812 edidit
988 3751 1062 3811 alti:

74 3865 114 3915 800
153 3855 250 3918 “Fas
267 3874 365 3918 omne
383 3864 442 3929 est,
461 3855 637 3940 Cytherea,
656 3856 738 3916 meis
754 3861 786 3915 te
804 3853 905 3916 fidere
921 3853 1043 3932 regnis,
