2800 4286
485 267 602 320 LIBER
627 267 800 321 DECIMUS

158 447 252 511 Dum
269 447 409 530 trepidi,
429 446 642 529 egressisque
659 446 772 510 labant
787 445 928 528 vestigia
944 447 1058 530 prima.
1144 455 1145 460 ’

158 552 344 616 Audentes
362 554 520 616 Fortuna
536 550 656 614 iuvat.’'

79 665 118 730 285
157 657 259 721 Haec
278 658 335 734 ait,
354 666 389 720 et
407 676 522 719 secum
535 664 658 748 uersat,
676 675 759 737 quos
775 655 896 720 ducere
912 665 1036 733 contra,

157 761 224 824 Vel
241 763 370 845 quibus
388 761 546 824 obsessos
562 759 667 843 possit
683 760 884 823 concredere
902 781 1021 824 muros

204 868 349 930 Interea
366 867 506 929 Aeneas
523 863 630 927 socios
646 864 688 928 de
704 864 874 945 puppibus
890 865 964 928 altis

160 971 332 1034 Pontibus
348 971 496 1052 exponit.
547 969 645 1032 Multi
661 989 794 1031 servare
810 989 963 1033 recursus

162 1075 384 1158 Languentis
400 1073 522 1156 pelagi,
539 1083 572 1136 et
588 1073 743 1136 brevibus
760 1091 795 1138 se
811 1073 946 1137 credere
964 1074 1065 1151 saltu;

81 1199 124 1248 290
161 1180 228 1242 Per
245 1200 359 1243 remos
377 1178 440 1240 alii.
490 1178 689 1259 Speculatus
705 1177 803 1242 litora
818 1178 984 1255 Tarchon,

164 1283 246 1366 Qua
261 1285 351 1347 vada
369 1304 436 1346 non
452 1282 580 1363 spirant
595 1302 657 1345 nec
674 1283 783 1345 fracta
797 1294 1018 1346 remurmurat
1035 1284 1132 1360 unda,

166 1389 237 1452 Sed
254 1407 348 1450 mare
365 1387 569 1450 inoffensum
585 1385 748 1449 crescenti
764 1387 928 1450 adlabitur
945 1398 1047 1463 aestu,

168 1492 328 1556 Advertit
345 1490 456 1554 subito
473 1511 599 1572 proras,
616 1490 789 1572 sociosque
807 1502 978 1573 precatur:

170 1602 188 1627 “
204 1597 314 1672 Nunc,
333 1615 354 1658 o
370 1595 456 1658 lecta
473 1615 601 1670 manus,
618 1595 737 1658 validis
754 1594 935 1658 incumbite
951 1598 1050 1660 remis
1060 1618 1068 1673 ;

88 1719 129 1771 295
167 1701 299 1776 Tollite,
318 1701 405 1762 ferte
421 1709 529 1775 rates;
555 1698 721 1761 inimicam
739 1699 853 1761 findite
869 1700 983 1764 rostris

173 1805 271 1868 Hanc
288 1814 423 1879 terram,
441 1804 638 1885 sulcumque
656 1803 719 1866 sibi
735 1814 865 1884 premat
881 1806 954 1885 ipsa
970 1805 1090 1868 carina.

174 1910 344 1990 Frangere
360 1928 423 1971 nec
440 1907 499 1971 tali
515 1907 654 1988 puppim
672 1908 813 1970 statione
830 1928 955 1984 recusa,

173 2014 320 2094 Arrepta
336 2012 455 2074 tellure
473 2011 620 2074 semel.”·
655 2011 751 2094 Quae
769 2012 846 2074 talia
864 2022 1041 2095 postquam

172 2118 307 2180 Effatus
325 2117 491 2191 Tarchon,
510 2115 589 2179 socii
605 2136 807 2197 consurgere
823 2118 927 2180 tonsis

94 2239 138 2287 300
170 2223 443 2303 Spumantesque
459 2231 547 2283 rates
563 2221 650 2283 arvis
666 2219 790 2283 inferre
808 2221 945 2297 Latinis
1003 2226 1007 2236 '

173 2328 292 2390 Donec
308 2335 415 2389 rostra
431 2334 547 2388 tenent
563 2326 687 2388 siccum
703 2334 738 2387 et
753 2325 868 2388 sedere
885 2324 1015 2389 carinae

173 2432 302 2496 Omnes
318 2430 501 2505 innocuae;
527 2430 669 2492 sednon
687 2429 809 2510 puppis
826 2439 892 2505 tua,
911 2431 1074 2494 Tarchon.

174 2536 329 2618 Namque
345 2534 471 2596 inflicta
487 2533 581 2596 vadis
598 2534 697 2597 dorso
713 2534 792 2596 dum
810 2534 934 2615 pendet
949 2533 1072 2616 iniqu0,

173 2641 311 2720 Anceps
328 2637 598 2713 sustentatadiu,
617 2637 803 2720 fluctusque
820 2637 948 2719 fatigat,

96 2764 136 2818 305
173 2743 327 2818 Solvitur,
345 2751 446 2824 atque
462 2741 550 2804 viros
567 2741 684 2804 mediis
700 2741 835 2822 exponit
851 2740 884 2804 in
901 2739 1016 2818 undis;

174 2847 356 2928 Fragmina
371 2865 537 2909 remorum
555 2866 638 2928 quos
654 2856 687 2909 et
704 2845 867 2908 fluitantia
883 2855 1028 2908 transtra

176 2950 378 3033 Impediunt,
395 2950 601 3032 retrahitque
617 2951 738 3031 pedem
755 2949 852 3012 simul
868 2951 958 3013 unda
974 2945 1134 3014 relabens.

218 3056 291 3118 Nec
308 3055 460 3116 Turnum
478 3054 590 3135 segnis
607 3055 728 3116 retinet
745 3075 853 3131 mora;
880 3056 938 3118 sed
955 3053 1041 3134 rapit
1057 3073 1132 3119 acer

173 3161 294 3222 Totam
311 3157 416 3221 aciem
433 3157 467 3220 in
483 3159 641 3234 Teucros,
658 3168 692 3221 et
708 3168 823 3222 contra
839 3158 872 3222 in
889 3159 983 3223 litore
1000 3158 1092 3222 sistit.

98 3285 139 3333 310
175 3264 278 3344 Signa
294 3271 431 3325 canunt.
478 3262 606 3325 Primus
622 3271 749 3326 turmas
765 3262 885 3326 invasit
901 3272 1051 3345 agrestes

174 3368 321 3439 Aeneas,
335 3386 434 3430 omen
451 3387 595 3448 pugnae,
614 3367 795 3449 stravitque
814 3369 962 3442 Latinos

176 3471 297 3536 Occiso
314 3471 481 3547 Therone,
498 3471 604 3550 virum
622 3471 678 3554 qui
695 3471 856 3534 maximus
872 3472 958 3534 ultro

175 3577 317 3640 Aenean
334 3575 427 3657 petit.
477 3574 565 3638 Huic
583 3576 694 3656 gladio
712 3595 837 3658 perque
854 3596 951 3640 aerea
968 3587 1050 3652 suta,

176 3682 238 3744 Per
254 3680 402 3744 tunicam
420 3679 628 3762 squalentem
646 3701 735 3755 auro,
755 3682 840 3742 latus
858 3681 967 3742 haurit
983 3690 1142 3760 apertum.

99 3807 137 3861 ³¹5
175 3787 258 3850 Inde
277 3785 407 3848 Lichan
423 3783 510 3860 ierit,
527 3793 696 3847 exsectum
713 3784 778 3846 iam
796 3794 900 3853 matre
917 3793 1099 3865 perempta,
