2822 4294
503 283 618 335 LIBER
644 282 789 336 PRIMUS

178 461 334 526 Constitit
354 463 419 536 hic,
438 481 617 544 arcumque
635 469 734 524 manu
752 463 942 543 celeresque
961 459 1100 542 sagittas

177 567 355 648 Corripuit,
376 567 465 629 fidus
482 587 567 649 quae
583 567 649 627 tela
665 565 802 645 gerebat
820 566 979 640 Achates

180 673 414 752 Ductorisque
433 671 523 751 ipsos
541 679 693 751 primum,
711 669 821 750 capita
838 670 905 731 alta
921 669 1068 732 ferentes

96 804 140 852 190
179 777 342 840 Cornibus
362 775 519 848 arboreis,
539 775 664 849 sternit,
683 783 752 836 tum
770 773 899 854 vulgus,
918 783 951 836 et
967 793 1100 836 omnem

181 880 300 944 Miscet
318 887 424 960 agens
442 878 515 940 telis
533 897 669 940 nemora
686 877 771 939 inter
788 877 930 940 irondea
946 878 1096 954 turbam,

181 986 250 1047 Nec
267 987 361 1066 prius
378 981 517 1058 absistit,
537 1003 636 1064 quam
654 992 781 1062 septem
799 981 948 1062 ingentia
963 985 1069 1046 victor

180 1089 326 1170 Corpora
338 1087 459 1150 fundat
476 1087 569 1148 humi
585 1096 618 1148 et
636 1106 809 1148 numerum
825 1107 900 1149 cum
914 1087 1054 1150 navibus
1067 1097 1188 1168 aequet

181 1193 268 1255 Hinc
286 1202 419 1274 portum
437 1193 529 1272 petit,
549 1201 582 1253 et
600 1193 706 1253 socios
725 1201 865 1272 partitur
882 1191 914 1253 in
931 1199 1055 1254 omnes
1119 1188 1124 1196 ’

98 1323 141 1374 ¹95
180 1299 265 1359 Vina
281 1297 391 1359 bonus
408 1316 493 1378 quae
512 1295 631 1358 deinde
645 1296 738 1357 cadis
755 1303 909 1358 onerarat
926 1297 1068 1359 Acestes

181 1401 293 1463 Litore
309 1401 482 1462 Trinacrio
500 1399 703 1481 dederatque
721 1399 920 1463 abeuntibus
937 1401 1043 1475 heros,

182 1505 316 1580 Dividit,
334 1514 368 1567 et
385 1504 481 1566 dictis
500 1504 682 1566 maerentia
701 1514 836 1584 pectora
853 1505 994 1567 mulcet:

224 1615 241 1640 “
253 1595 284 1672 O
298 1611 378 1672 socii
387 1647 430 1654 —
439 1629 548 1691 neque
558 1610 645 1671 enim
658 1609 766 1690 ignari
775 1629 889 1672 sumus
901 1618 978 1672 ante
986 1610 1145 1671 malorum
1160 1644 1194 1654 -

181 1699 210 1777 O
229 1723 319 1794 passi
335 1715 497 1794 graviora,
517 1713 608 1775 dabit
625 1714 707 1775 deus
725 1714 776 1775 his
793 1734 925 1795 quoque
943 1713 1055 1775 finem.

97 1845 140 1879 200
179 1819 249 1881 Vos
266 1827 299 1880 et
318 1818 507 1900 Scyllaeam
526 1816 651 1879 rabiem
670 1819 871 1900 penitusque
890 1825 1047 1879 sonantes

179 1922 333 1984 Accestis
351 1922 515 2003 scopulos,
535 1929 593 1984 vos
611 1932 643 1984 et
662 1922 823 2004 Cyclopia
840 1942 918 1984 saxa

181 2027 337 2108 Experti:
362 2033 516 2090 revocate
534 2026 672 2100 animos
692 2036 922 2108 maestumque
938 2027 1088 2088 timorem

180 2130 325 2206 Mittite;
351 2131 465 2192 forsan
483 2140 516 2192 et
533 2131 615 2193 haec
632 2131 709 2192 olim
728 2130 917 2192 meminisse
934 2129 1067 2192 iuvabit.

181 2235 242 2297 Per
259 2234 367 2297 varios
385 2241 491 2310 castis,
511 2254 570 2316 per
586 2243 635 2297 tot
651 2234 842 2296 discrimina
859 2241 967 2296 rerum

95 2364 137 2416 205
179 2338 365 2400 Tendimus
383 2337 416 2399 in
437 2339 579 2412 Latium,
599 2339 695 2400 sedes
712 2338 767 2400 ubi
784 2339 855 2400 fata
871 2339 1000 2420 quietas

180 2443 392 2519 Ostendunt;
418 2443 482 2505 illic
497 2427 553 2505 'ias
570 2447 675 2524 regna
691 2462 864 2523 resurgere
881 2443 1009 2505 Troiae.

182 2549 320 2622 Durate,
339 2558 371 2610 et
388 2555 517 2610 vosmet
536 2548 633 2609 rebus
652 2554 781 2610 servite
798 2547 983 2610 secundis’'

224 2652 320 2713 Talia
335 2659 418 2714 voce
438 2652 548 2726 refert,
568 2659 722 2732 curisque
739 2650 931 2732 ingentibus
949 2671 1048 2732 aeger

180 2756 282 2838 Spem
300 2756 393 2818 vultu
413 2755 554 2831 simulat,
575 2756 696 2836 premit
713 2756 815 2817 altum
833 2756 931 2818 corde
948 2755 1104 2817 dolorem.

92 2887 137 2922 210
181 2860 234 2922 Illi
250 2867 286 2922 se
302 2860 447 2941 praedae
466 2860 645 2941 accingunt
661 2859 869 2942 dapibusque
886 2860 1024 2921 futuris:

178 2964 329 3044 Tergora
346 2964 505 3045 diripiunt
525 2975 625 3028 costis
642 2974 675 3027 et
692 2975 819 3026 viscera
836 2963 980 3039 nudant;

180 3069 260 3130 Pars
276 3070 309 3130 in
327 3069 434 3130 frusta
453 3080 566 3133 secant
583 3069 783 3151 veribusque
800 3067 975 3130 trementia
992 3067 1118 3147 figunt;

181 3173 294 3235 Litore
310 3180 395 3234 aena
413 3173 524 3236 locant
542 3175 606 3249 alii,
625 3174 842 3255 flammasque
860 3172 1055 3234 ministrant.

178 3277 265 3339 Tum
282 3278 371 3339 victu
390 3289 548 3340 revocant
565 3285 659 3352 vires,
679 3279 812 3360 fusique
830 3297 889 3358 per
905 3274 1041 3338 herbam

91 3407 134 3459 215
181 3381 369 3462 Implentur
388 3384 509 3444 veteris
529 3383 654 3444 Bacchi
671 3382 870 3463 pinguisque
887 3381 1022 3444 ferinae.

178 3487 359 3567 Postquam
378 3493 532 3566 exempta
551 3487 658 3547 fames
675 3487 782 3566 epulis
801 3493 1003 3567 mensaeque
1020 3492 1174 3557 remotae,

178 3575 333 3653 [imissos
353 3590 454 3672 longo
471 3591 577 3652 socios
595 3597 747 3651 sermone
765 3599 945 3671 requirunt,

180 3694 352 3777 Spemque
370 3704 562 3776 metumque
579 3693 665 3755 inter
682 3693 780 3768 dubii,
800 3713 857 3754 seu
876 3703 985 3756 vivere
1002 3692 1148 3766 credant,

179 3797 257 3862 Sive
275 3805 423 3861 extrema
440 3807 509 3878 pati
525 3818 586 3860 nec
603 3797 668 3859 iam
686 3797 840 3860 exaudire
858 3803 1002 3859 vocitos.
