2796 4282
486 267 600 319 LIBER
627 266 811 335 QUARTUS

178 445 279 509 Adsis
296 467 316 510 o
334 445 557 528 placidusque
572 447 676 522 iuves,
694 455 727 509 et
744 446 852 508 sidera
868 447 960 510 caelo

180 551 307 613 Dextra
323 550 449 613 feras.'’
499 549 599 625 Dixit,
616 549 805 632 vaginaque
821 549 919 631 eripit
935 570 1049 614 ensem

97 667 141 732 580
180 654 404 730 Fulmineum,
423 657 604 736 strictoque
621 655 698 717 ferit
714 655 896 717 retinacula
911 655 1009 718 ferro.

181 759 273 822 Idem
291 779 411 822 omnes
428 759 526 821 simul
543 759 641 822 ardor
657 759 767 834 habet,
787 759 987 840 rapiuntque
1004 767 1187 841 ruuntque;

180 863 294 926 Litora
310 863 508 940 deseruere;
534 863 614 926 latet
631 863 692 926 sub
709 863 871 926 classibus
887 883 1011 945 aequor
1021 885 1028 940 ;

178 968 305 1030 Adnixi
321 976 481 1050 torquent
497 987 634 1049 spumas
650 977 683 1030 et
699 968 832 1031 caerula
848 976 993 1030 verrunt.

112 1061 115 1070 ¹
223 1073 349 1135 Etiam
367 1071 476 1154 prima
492 1092 579 1135 novo
595 1073 776 1154 spargebat
793 1072 916 1135 lumine
933 1081 1038 1134 terras

94 1189 138 1254 585
179 1175 488 1240 Tithoni'croceum
506 1177 661 1259 linquens
678 1177 810 1239 Aurora
826 1176 942 1239 cubile.

179 1281 313 1362 Regina
329 1301 349 1343 e
365 1281 511 1361 speculis
527 1290 563 1342 ut
580 1280 722 1362 primum
739 1281 908 1344 albescere
924 1281 1033 1343 lucem

178 1385 271 1448 Vidit
286 1394 321 1447 et
337 1384 489 1467 aequatis
505 1385 646 1448 classem
664 1385 843 1466 procedere
859 1384 950 1460 velis,

180 1490 363 1571 Litoraque
380 1498 414 1551 et
429 1509 553 1552 vacuos
570 1489 673 1552 sensit
690 1491 761 1552 sine
778 1489 905 1570 remige
922 1498 1047 1571 portuS,

179 1595 313 1676 Terque
330 1602 514 1675 quaterque
531 1613 632 1655 manu
649 1603 766 1674 pectus
784 1613 942 1676 percussa
959 1593 1114 1657 decorum

93 1726 137 1776 590
180 1699 429 1779 Flaventesque
445 1697 593 1760 abscissa
610 1718 722 1761 comas
741 1703 758 1730 “
771 1699 833 1760 Pro
852 1697 1020 1779 luppiter!
1046 1697 1104 1760 ibit

180 1802 245 1865 Hic
257 1803 275 1827 '¹
294 1802 341 1865 ait
358 1807 377 1834 “
388 1811 421 1865 et
436 1803 558 1864 nostris
574 1802 724 1866 inluserit
740 1803 870 1866 advena
886 1802 1024 1883 regnis?

180 1909 258 1972 Non
276 1928 369 1971 arma
385 1901 575 1990 expedient,
593 1917 728 1990 totaque
745 1927 785 1970 ex
802 1908 883 1970 urbe
900 1916 1088 1988 sequentur,

180 2012 425 2094 Deripientque
442 2022 530 2076 rates
546 2012 601 2074 alii
617 2011 813 2075 navalibus?
861 2013 921 2085 lte,

178 2119 280 2180 Ferte
297 2117 354 2180 citi
369 2117 530 2192 flammas
548 2117 626 2178 date
642 2117 719 2191 tela,
737 2116 896 2198 impellite
913 2135 1022 2178 remos
1035 2115 1041 2177 l
1052 2151 1096 2162 -

93 2247 135 2300 595
178 2221 270 2303 Quid
297 2221 437 2303 loquor?
471 2230 528 2283 aut
552 2220 609 2282 ubi
633 2220 729 2282 sum?
776 2219 872 2301 Quae
898 2228 1044 2281 mentem
1071 2220 1200 2282 insania

266 2335 384 2400 mutat,

179 2429 303 2493 Infelix
321 2429 433 2491 Dido?
457 2449 546 2492 nunc
562 2438 595 2492 te
611 2430 702 2492 facta
719 2429 821 2511 impia
836 2429 1003 2509 tangunt?

177 2535 266 2597 Tum
283 2533 404 2609 decuit,
418 2553 493 2596 cum
510 2542 641 2615 sceptra
659 2533 771 2595 dabas
784 2569 828 2578 -—
839 2533 891 2594 En
909 2523 1024 2594 de'xtra
1041 2533 1198 2615 fidesque,

180 2639 289 2720 Quem
308 2657 420 2700 secum
439 2637 564 2718 patrios
581 2637 673 2699 aiunt
689 2647 823 2719 portare
841 2638 992 2711 Penates,

180 2743 290 2824 Quem
307 2741 447 2804 subiisse
465 2743 588 2804 umeris
604 2742 795 2805 confectum
813 2749 922 2803 aetate
940 2751 1112 2821 parentem
1125 2740 1130 2802 !
1142 2777 1185 2785 —

90 2861 137 2910 600
181 2847 259 2910 Non
278 2846 370 2928 potui
388 2846 564 2926 abreptum
580 2845 738 2908 divellere
755 2866 876 2927 corpus
893 2854 926 2908 et
943 2844 1040 2908 undis

179 2950 371 3032 Spargere?
396 2971 463 3013 non
481 2950 597 3024 socios
614 2971 681 3013 non
699 2949 809 3032 ipsum
826 2950 1002 3012 absumere
1018 2950 1106 3013 ferro

179 3055 374 3127 Ascanium,
395 3055 576 3137 patriisque
592 3039 796 3134 epulandum
813 3074 936 3134 ponere
953 3053 1152 3116 mensis?—

178 3161 304 3223 Verum
322 3179 447 3239 anceps
466 3179 600 3241 pugnae
616 3159 727 3221 fuerat
744 3159 888 3222 fortuna.
900 3195 944 3204 -
956 3157 1105 3235 Fuisset;

156 3280 159 3285 ·
180 3263 291 3346 Quem
309 3263 411 3326 metui
429 3263 609 3326 moritura?
657 3265 763 3326 Faces
779 3263 815 3325 in
830 3271 939 3326 castra
955 3262 1115 3338 tulissem,

92 3382 137 3446 605
181 3369 446 3450 implessemque
464 3368 556 3430 foros
573 3368 724 3442 fiammis
742 3377 924 3449 natumque
941 3376 1137 3449 patremque

179 3473 264 3536 Cum
282 3492 407 3554 genere
424 3472 616 3548 exstinxem,
628 3482 752 3535 memet
769 3493 869 3554 super
882 3472 956 3554 ipsa
968 3471 1144 3535 dedissem.
1155 3509 1200 3518 -

227 3581 245 3608 “
256 3577 323 3652 Sol,
342 3578 399 3659 qui
415 3586 576 3640 terrarum
590 3576 735 3640 dammis
752 3597 852 3658 opera
869 3576 980 3640 omnia
996 3579 1126 3652 lustras,

179 3683 299 3764 Tuque
315 3682 432 3743 harum
450 3681 613 3763 interpres
630 3701 783 3745 curarum
801 3692 834 3744 et
851 3681 983 3744 conscia
1002 3683 1096 3756 luna,

181 3784 430 3867 Nocturnisque
449 3785 578 3849 Hecate
594 3785 699 3848 triviis
716 3785 842 3847 ululata
859 3805 917 3865 per
934 3785 1042 3859 urbeS,
