2822 4294
514 294 629 347 LIBER
656 295 861 350 SECUNDUS
1198 310 1238 374 77

218 476 292 558 Quo
307 483 362 538 res
380 495 526 556 cumque
543 475 672 550 cadent,
692 482 794 537 unum
812 485 846 538 et
865 483 1042 540 commune
1067 479 1234 559 periclum,

137 609 181 656 710
213 567 293 646 Una
310 582 403 643 salus
420 579 583 642 ambobus
600 579 668 642 erit.
719 579 803 641 Mihi
820 600 943 660 parvus
961 581 1053 644 Iulus

217 686 266 750 Sit
281 705 404 760 comes,
423 694 457 746 et
473 683 572 764 longe
588 693 699 746 servet
714 686 854 764 vestigia
870 685 1022 748 coniunx.

215 792 293 865 Vos
311 790 440 863 famuli,
459 809 544 870 quae
560 788 679 863 dicam,
696 787 815 851 animis
832 789 993 852 advertite
1009 801 1135 854 vestris.

216 895 278 958 Est
293 894 375 957 urbe
393 901 537 974 egressis
553 893 699 982 tumulus
716 874 944 976 templumque
960 905 1128 958 vetustum

216 1002 380 1063 Desertae
398 999 539 1072 Cereris
558 997 713 1078 iuxtaque
730 1008 868 1080 antiqua
884 1019 1060 1080 cupressus

133 1131 175 1183 715
217 1106 393 1186 Religione
412 1114 543 1186 patrum
562 1103 683 1165 multos
701 1110 831 1164 servata
849 1123 907 1183 per
924 1112 1042 1179 annos,
1094 1135 1097 1142 ·

216 1211 315 1272 Hanc
333 1229 374 1271 ex
391 1209 522 1270 diverso
538 1207 652 1270 sedem
669 1206 840 1269 veniemus
856 1207 889 1270 in
907 1215 1015 1270 imam.

214 1315 276 1389 Tu,
295 1313 436 1394 genitor,
454 1333 536 1394 cape
553 1331 647 1374 sacra
664 1318 763 1373 manti
783 1313 973 1394 patriosque
991 1313 1148 1389 Penates;

217 1419 284 1494 Me,
301 1418 390 1481 bello
407 1425 425 1479 e
441 1425 535 1480 tanto
552 1417 737 1497 digressum
755 1426 788 1478 et
805 1417 905 1480 caede
923 1425 1056 1492 recenti,

215 1523 407 1585 Attrectare
424 1522 530 1596 netas,
549 1521 654 1583 donec
671 1529 724 1582 me
740 1521 877 1584 flumine
892 1530 968 1584 vivo

127 1655 174 1700 7²0
216 1628 398 1690 Abiuerf).''
439 1633 441 1636 ’

261 1732 358 1794 Haec
375 1732 475 1806 fatus,
494 1730 576 1792 latos
593 1737 726 1792 umeros
743 1729 957 1812 subiectaque
974 1729 1058 1793 colla

215 1838 319 1899 Veste
337 1854 438 1917 super
454 1835 601 1916 fulvique
617 1843 783 1896 insternor
799 1834 885 1915 pelle
902 1834 1016 1909 leonis

217 1940 435 2020 Succedoque
453 1948 563 2015 oneri3
589 1939 724 2001 dextrae
741 1945 776 2000 se
794 1958 916 2019 parvus
936 1939 1028 2000 Iulus

216 2044 387 2126 Implicuit
404 2041 618 2125 sequiturque
635 2052 763 2124 patrem
781 2051 847 2104 non
866 2041 1019 2124 passibus
1036 2051 1168 2124 aequis;

129 2175 174 2228 725
217 2151 309 2212 Pone
325 2148 413 2211 subit
430 2148 583 2211 coniunx.
633 2149 785 2209 Ferimur
802 2167 861 2228 per
878 2154 983 2228 opaca
1000 2147 1165 2222 locorum;

218 2255 262 2316 Et
279 2261 340 2328 me,
359 2273 458 2334 quem
475 2253 599 2314 dudum
617 2260 683 2314 non
702 2253 767 2314 ulla
784 2251 906 2313 iniecta
922 2249 1101 2313 movebant

216 2359 300 2420 Tela
316 2377 425 2439 neque
442 2357 582 2420 adverso
598 2357 773 2437 glomerati
789 2375 829 2417 ex
845 2355 977 2436 agmine
995 2356 1083 2430 Grai,

219 2465 250 2525 N
254 2483 320 2525 unc
336 2469 452 2524 omncs
468 2470 593 2524 terrent
609 2480 719 2535 aurae,
738 2480 839 2522 sonus
855 2459 975 2522 excitat
992 2459 1099 2522 omnis

219 2567 428 2648 Suspensum
446 2575 478 2628 et
496 2565 619 2647 pariter
635 2564 813 2646 comitique
831 2573 988 2644 onerique
1005 2563 1185 2626 timentem.

129 2699 176 2750 730
207 2731 212 2738 ,
264 2673 403 2753 Iamque
421 2670 684 2752 propinquabam
702 2678 815 2749 portis,
833 2687 1032 2749 omnemque
1048 2667 1184 2729 videbar

215 2761 377 2839 {vasisse
394 2776 491 2848 viam,
510 2775 619 2837 subito
636 2793 711 2836 cum
729 2771 843 2835 creber
860 2772 901 2834 ad
919 2779 1015 2834 aures

217 2881 320 2944 Visus
337 2879 456 2942 adesse
473 2878 595 2960 pedum
615 2877 751 2952 sonitus
770 2876 967 2958 genitorque
985 2896 1044 2958 per
1061 2874 1210 2938 umbram

220 2984 440 3065 Prospiciens,
466 2989 484 3014 ‘⁴
498 2984 615 3058 Nate‚”
642 2982 814 3057 exclamat,
841 2973 959 3061 “iuge,
985 2987 1079 3057 nate;
1107 2979 1236 3061 propin-

183 3160 188 3168 ,
263 3098 368 3171 quant

219 3179 390 3257 Ardentes
408 3193 530 3274 clipeos
548 3203 647 3278 atque
664 3213 741 3255 aera
758 3189 914 3253 micantia
930 3190 1061 3253 cerno.''

129 3327 176 3379 735
222 3299 288 3361 Hic
306 3298 385 3359 mihi
403 3298 514 3360 nescio
531 3298 620 3379 quod
637 3297 767 3378 trepido
784 3296 869 3358 male
885 3302 1008 3356 numen
1025 3303 1167 3356 amicum

220 3403 406 3467 Confusam
424 3401 543 3483 eripuit
560 3411 715 3464 mentem.
766 3401 919 3482 Namque
936 3399 1010 3461 avia
1027 3406 1124 3461 cursu

222 3508 312 3569 Dum
331 3527 452 3589 sequor
468 3516 501 3569 et
517 3513 595 3568 nota
612 3505 735 3567 excedo
752 3505 887 3584 regione
904 3504 1040 3577 viarum,

223 3613 320 3674 Heu!
346 3611 466 3674 misero
483 3611 625 3674 coniunx
642 3611 756 3672 fatone
774 3617 888 3691 erepta
906 3609 1033 3672 Creusa

222 3717 386 3791 Substitit,
404 3715 568 3778 erravitne
584 3714 646 3790 via,
665 3734 723 3777 seu
740 3714 827 3776 lassa
843 3712 988 3775 resedit?

133 3849 181 3897 740
223 3822 412 3896 Incertum;
437 3839 497 3882 nec
515 3829 589 3901 post
606 3820 710 3882 oculis
726 3827 776 3882 est
792 3816 921 3879 reddita
938 3824 1078 3888 nostrts;
