2816 4282
219 314 281 392 298
579 317 737 370 viceour
763 318 961 374 Aanainos

307 496 455 561 Nuntius
472 495 600 578 ingenti
617 515 677 578 per
692 495 785 578 regia
800 505 889 560 tecta
904 497 1050 562 tumultu

307 604 395 666 Ecce
412 600 486 676 ruit,
505 600 702 682 magnisque
720 600 835 664 urbem
852 602 1032 666 terroribus
1048 602 1188 684 implet:

307 713 324 739 “
337 709 522 770 Instructos
539 704 610 767 acie
627 704 785 768 Tiberino
801 725 821 768 a
837 705 972 768 flumine
988 708 1140 772 Teucros

217 835 266 888 450
305 811 582 895 Tyrrhenamque
601 829 736 872 manum
753 809 832 872 totis
848 810 1052 874 descendere
1067 812 1230 894 campis.'’

307 915 484 997 Extemplo
501 913 624 976 turbati
641 912 742 975 animi
758 933 988 997 concussaque
1004 916 1097 998 vulgi

307 1021 452 1095 Pectora,
470 1028 504 1082 et
519 1027 666 1082 arrectae
682 1017 824 1082 stimulis
840 1019 929 1082 haud
945 1019 1100 1084 mollibus
1116 1022 1197 1085 irae.

305 1125 412 1186 Arma
428 1143 529 1185 manu
545 1121 665 1203 trepidi
682 1131 825 1204 poscunt
834 1144 842 1199 ;
866 1122 979 1186 fremit
994 1143 1087 1186 arma
1103 1124 1269 1202 iuventus

306 1229 404 1291 Flent
421 1226 538 1290 maesti
555 1236 770 1308 mussantque
787 1237 908 1308 patres.
957 1229 1024 1292 Hic
1036 1229 1188 1312 undique
1204 1231 1334 1294 clamor

217 1354 264 1408 455
309 1332 471 1394 Dissensu
487 1332 578 1394 vario
595 1351 738 1411 magnus
755 1351 791 1395 se
806 1331 892 1394 tollit
907 1333 941 1394 in
957 1352 1065 1407 auras,

307 1436 409 1498 Haud
426 1455 522 1498 secus
538 1445 638 1516 atque
655 1436 722 1498 alto
738 1435 772 1498 in
789 1435 864 1500 luco
880 1455 956 1498 cum
972 1436 1059 1500 forte
1075 1447 1232 1502 catervae

306 1540 496 1604 Consedere
512 1539 632 1614 avium,
650 1538 824 1621 piscosove
840 1560 938 1602 amne
955 1540 1107 1604 Padusae

307 1646 399 1706 Dant
415 1643 557 1706 sonitum
575 1644 666 1706 rauci
683 1663 743 1725 per
759 1652 880 1725 stagna
896 1644 1048 1726 loquacia
1063 1648 1171 1729 cycni.

307 1754 324 1780 “
336 1749 443 1810 Immo
454 1748 472 1772 ''
490 1747 535 1809 ait
554 1752 602 1810 “o
617 1747 738 1821 cives,”
757 1758 890 1829 arrepto
906 1757 1056 1830 tempore
1073 1750 1221 1826 Turnus,

216 1863 266 1925 460
308 1851 454 1932 “Cogite
471 1851 657 1927 concilium,
674 1861 708 1915 et
724 1872 842 1933 pacem
858 1852 992 1916 laudate
1008 1853 1186 1918 sedentes:

307 1957 359 2019 Illi
375 1957 474 2018 armis
491 1955 523 2016 in
540 1975 645 2035 regna
660 1956 792 2018 ruunt.”
841 1956 913 2020 Nec
929 1956 1025 2037 plura
1040 1957 1173 2022 locutus

305 2059 472 2141 Corripuit
492 2079 564 2124 sese
580 2068 614 2122 et
630 2059 726 2122 tectis
742 2059 827 2123 citus
843 2059 959 2123 extulit
975 2059 1058 2124 altis.

307 2170 324 2196 ‘⁶
335 2166 398 2239 Tu,
415 2164 550 2238 Voluse‚
568 2163 690 2226 armari
704 2164 903 2228 Volscorum
920 2164 1013 2229 edice
1029 2165 1196 2248 maniplis

307 2270 381 2331 Duc
392 2268 410 2292 '¹
424 2270 470 2331 ait
484 2273 546 2331 “et
561 2267 712 2330 Rutulos
755 2269 920 2350 Equitem,
936 2269 1123 2350 Messapus
1136 2269 1170 2332 in
1184 2271 1294 2346 armis,

215 2384 263 2449 4⁶5
306 2374 439 2436 Etcum
456 2373 559 2435 fratre
576 2373 690 2448 Coras,
708 2371 783 2436 latis
800 2373 977 2436 diffundite
993 2369 1139 2454 campis;

305 2478 384 2539 Pars
400 2477 509 2539 aditus
526 2476 616 2540 urbis
632 2477 749 2552 firmet,
768 2485 943 2558 turresque
959 2487 1130 2558 capessat;

209 2567 212 2571 ¹
305 2583 434 2656 Cetera,
452 2601 518 2662 qua
535 2580 633 2656 iusso,
653 2599 782 2644 mecum
801 2601 919 2644 manus
934 2581 1057 2644 inferat
1071 2582 1198 2646 arma.''

349 2685 443 2748 Ilicet
459 2685 493 2747 in
509 2705 621 2749 muros
637 2693 708 2749 tota
723 2685 916 2748 discurritur
932 2685 1023 2748 urbe.

304 2789 487 2853 Concilium
503 2790 576 2870 ipse
594 2797 689 2870 pater
704 2798 738 2852 et
754 2809 876 2870 magna
892 2789 1025 2871 incepta
1049 2789 1193 2854 Latinus

215 2916 264 2967 470
306 2892 439 2956 Deserit
454 2914 492 2956 ac
510 2892 594 2955 tristi
610 2893 762 2956 turbatus
784 2902 933 2975 tempore
949 2893 1071 2969 differt,

305 2998 478 3078 Multaque
495 3017 530 3060 se
548 2997 687 3072 incusat,
706 2999 761 3080 qui
778 3018 846 3060 non
863 2996 1030 3079 acceperit
1046 2997 1131 3061 ultro

305 3102 511 3164 Dardanium
530 3101 682 3176 Aenean,
700 3121 927 3182 generumque
943 3100 1119 3164 adsciverit
1135 3101 1219 3166 urbi.

305 3206 519 3268 Praefodiunt
534 3205 590 3268 alii
606 3215 728 3287 portas,
745 3215 802 3269 aut
819 3225 898 3268 saxa
914 3206 1081 3287 sudesque

305 3310 518 3374 Subvectant.
568 3310 661 3372 Bello
677 3310 735 3373 dat
751 3309 883 3391 signum
900 3329 1001 3372 rauca
1016 3318 1190 3374 cruentum

213 3435 261 3488 475
305 3413 441 3477 Bucina.
488 3414 575 3476 Tum
592 3433 703 3476 muros
719 3413 811 3476 varia
826 3414 957 3478 cinxere
972 3433 1094 3477 corona

303 3519 479 3580 Matronae
496 3517 675 3599 puerique;
699 3527 796 3580 vocat
813 3517 903 3581 labor
921 3517 1056 3582 ultimus
1073 3538 1199 3582 omnes.

304 3623 376 3684 Nec
394 3641 460 3683 non
476 3622 518 3684 ad
535 3620 695 3702 templum
713 3641 926 3703 summasque
942 3622 985 3685 ad
1002 3621 1145 3686 Palladis
1160 3642 1257 3687 arces

304 3723 506 3788 Subvehitur
523 3745 645 3804 magna
662 3733 802 3786 matrum
820 3725 936 3807 regina
958 3734 1100 3801 caterva,

303 3829 403 3890 Dona
419 3828 540 3901 ferens,
558 3826 715 3908 iuxtaque
731 3848 842 3892 comes
862 3828 1001 3892 Lavinia
1016 3829 1120 3911 virgo,
