2816 4282
197 289 260 368 336
554 296 712 387 veneni
740 260 940 351 Aanarnos

180 463 186 470 ”
282 467 441 557 Undique
457 473 544 539 enim
561 475 682 540 Teucri
699 478 803 568 densa
819 476 982 541 inclusere
999 497 1132 554 corona,

195 600 241 653 745
281 577 395 660 Atque
412 579 490 643 hinc
506 588 600 644 vasta
617 581 721 662 palus,
740 581 816 644 hinc
833 582 937 646 ardua
953 584 1085 646 moenia
1102 583 1249 664 cingunt.

326 683 357 746 N
361 703 398 746 ec
408 684 524 748 minus
540 684 686 761 Aeneas,
704 706 905 768 quamquam
919 687 1050 749 tardata
1066 687 1192 768 sagitta

283 788 455 852 Interdum
471 809 582 870 genua
598 789 785 871 impediunt
801 810 1001 872 cursumque
1017 800 1186 866 recusant,

283 891 481 975 Insequitur,
499 893 685 975 trepidique
703 895 822 975 pedem
840 895 925 977 pede
942 895 1092 958 fervidus
1108 906 1225 977 urget:

282 996 452 1060 Inclusum
470 997 571 1060 veluti
587 999 614 1061 si
631 999 765 1080 quando
781 999 916 1062 flumine
933 1009 1050 1064 nactus

194 1123 242 1176 750
282 1101 435 1176 Cervum,
453 1111 510 1164 aut
527 1103 689 1183 puniceae
706 1112 859 1183 saeptum
875 1103 1214 1187 formidinepennae,

280 1205 429 1267 Venator
444 1225 543 1267 cursu
560 1207 651 1268 canis
668 1215 701 1268 et
717 1206 889 1270 latratibus
906 1207 1022 1284 instat;

282 1307 343 1370 IIIe
360 1317 480 1384 autem,
498 1308 627 1372 insidiis·
641 1320 674 1373 et
690 1310 762 1391 ripa
779 1312 912 1374 territus
929 1312 1006 1386 alta,

264 1412 376 1487 ‚Mille
393 1413 481 1494 fugit
497 1413 687 1496 refugitque
703 1415 793 1490 vias;
818 1426 852 1478 at
867 1416 998 1479 vividus
1015 1417 1147 1480 Umber

283 1517 412 1580 Haeret
428 1517 534 1593 hians,
552 1517 617 1580 iam
633 1517 766 1599 iamque
782 1528 883 1595 tenet,
902 1520 1082 1602 similisque
1098 1521 1234 1597 tenenti,

194 1644 239 1696 755
282 1620 453 1702 Increpuit
469 1621 573 1709 malis,
592 1642 770 1704 morsuque
786 1624 898 1686 elusus
913 1624 1005 1686 inani
1021 1634 1081 1688 est.

281 1726 368 1787 Turn
384 1745 463 1788 vero
479 1725 625 1788 exoritur
641 1726 774 1803 clamor,
793 1727 951 1810 ripaeque
968 1728 1126 1811 lacusque

283 1830 499 1910 Responsant
515 1831 610 1905 circa,
628 1839 661 1893 et
677 1832 806 1894 caelum
822 1841 917 1894 tonat
937 1853 1035 1895 omne
1051 1834 1206 1897 tumultu.

284 1933 345 1997 Ille
359 1933 458 1996 simul
474 1934 608 2014 fugiens
627 1935 769 1997 Rutulos
785 1935 883 1998 simul
900 1935 1049 2018 increpat
1066 1957 1193 2012 omnes,

283 2037 427 2101 Nomine
444 2058 610 2120 quemque
625 2059 760 2114 vocans
778 2050 961 2122 notumque
979 2041 1141 2122 efflagitat
1157 2062 1278 2105 ensem.

195 2153 243 2215 760
281 2141 418 2205 Aeneas
435 2153 574 2205 mortem
591 2152 706 2206 contra
723 2164 948 2226 praesensque
965 2145 1109 2208 minatur

284 2246 439 2322 Exitium,
458 2247 486 2309 si
502 2247 677 2329 quisquam
694 2247 802 2322 adeat,
820 2257 922 2311 terret
924 2269 988 2330 que
1005 2259 1197 2326 trementes,

219 2397 221 2402 .
283 2349 481 2414 Excisurum
497 2351 613 2413 urbem
630 2351 797 2426 minitans
815 2361 849 2415 et
866 2352 998 2415 saucius
1014 2353 1125 2417 instat.

188 2521 190 2526 ,
282 2453 438 2536 Quinque
455 2454 552 2518 orbes
568 2455 703 2536 explent
719 2476 827 2531 cursu,
845 2456 1050 2539 totidemque
1070 2433 1223 2522 retexunt

284 2557 361 2621 Huc
377 2558 470 2635 iiluc;
495 2579 604 2641 neque
620 2559 708 2623 enim
726 2561 810 2622 levia
826 2570 883 2623 aut
871 2561 1098 2625 tludicrat
1041 2582 1083 2645 pe
1086 2571 1202 2625 tuntur

196 2674 242 2738 7⁶5
284 2661 442 2737 Praemia,
461 2663 520 2725 sed
537 2664 642 2725 Turni
658 2663 783 2726 devita
799 2675 832 2727 et
849 2665 1013 2746 sanguine
1031 2676 1170 2729 certant.

329 2767 428 2829 Forte
445 2787 538 2829 sacer
556 2768 673 2831 Fauno
691 2767 778 2830 toliis
795 2768 937 2832 oleaster
952 2769 1073 2832 amaris

285 2871 350 2933 Hic
367 2879 512 2960 steterat,
530 2873 640 2934 nautis
657 2871 734 2934 olim
750 2872 940 2936 venerabile
956 2873 1093 2954 IIgnum,

284 2974 411 3052 Servati
427 2995 468 3036 ex
483 2975 581 3038 undis
596 2975 653 3039 ubi
670 2977 773 3057 figere
789 2977 877 3039 dona
890 2977 1040 3040 solebant

284 3079 443 3141 Laurenti
460 3079 535 3143 divo
551 3089 585 3142 et
601 3090 695 3143 votas
712 3082 917 3162 suspendere
931 3092 1061 3159 vestes;

196 3206 244 3257 770
284 3182 350 3247 Sed
368 3182 504 3264 stirpem
521 3184 642 3246 Teucri
658 3186 749 3247 nullo
765 3185 954 3248 discrimine
971 3207 1101 3249 sacrum
1185 3199 1188 3204 “

283 3286 501 3362 Sustulerant,
520 3309 604 3368 puro
619 3298 656 3351 ut
672 3299 809 3370 possent
825 3310 1022 3353 concurrere
1042 3311 1169 3373 campo.

284 3390 351 3454 Hic
367 3391 463 3454 hasta
479 3392 618 3455 Aeneae
635 3393 753 3467 stabat,
773 3394 837 3456 huc
855 3394 999 3476 impetus
1015 3394 1105 3456 iilam

284 3496 467 3571 Detulerat,
486 3497 582 3558 fixam
601 3506 634 3559 et
649 3497 738 3560 lenta
755 3497 788 3558 in
804 3498 915 3561 radice
931 3499 1074 3561 tenebat.

284 3599 438 3662 Incubuit
454 3601 624 3682 voluitque
641 3621 741 3663 manu
758 3601 944 3665 convellere
961 3603 1084 3666 ferrum

196 3723 242 3776 775
285 3702 505 3776 Dardanides,
522 3704 654 3786 teloque
671 3703 774 3785 sequi,
792 3725 891 3785 quem
908 3706 1071 3786 prendere
1087 3727 1186 3772 cursu

284 3805 361 3866 Non
379 3815 518 3884 poterat.
566 3808 653 3869 Tum
670 3827 749 3870 vero
765 3823 880 3871 amens
898 3809 1075 3874 tormidine
1093 3812 1235 3889 Turnus,
