2800 4286
501 267 619 318 LIBER
644 264 825 320 OCTAVUS

181 446 317 512 Primus
334 448 380 512 ab
397 449 551 512 aetherio
568 449 658 511 venit
676 449 839 513 Saturnus
857 449 1014 534 Olympo,

90 571 139 620 320
179 551 291 616 Arma
310 553 405 616 Iovis
422 554 560 634 fugiens
576 562 609 616 et
626 553 738 634 regnis
754 555 847 616 exsul
860 554 1032 636 ademptis.

180 656 220 719 Is
239 678 349 738 genus
367 657 513 721 indocile
529 677 567 720 ac
584 657 772 738 dispersum
791 657 956 721 montibus
972 658 1047 722 altis

181 761 398 844 Composuit,
417 762 578 843 legesque
594 762 694 836 dedit,
715 761 914 843 Latiumque
934 762 1045 826 vocari

182 867 319 942 Maluit,
339 867 392 929 his
410 865 568 948 quoniam
586 866 737 928 latuisset
758 875 849 930 tutus
865 868 899 928 in
915 867 989 930 oris.

183 971 304 1034 Aurea
321 991 409 1053 quae
426 969 614 1052 perhibent,
632 969 688 1033 illo
705 970 766 1032 sub
783 990 862 1051 rege
879 971 972 1034 luere

90 1095 138 1147 325
185 1075 342 1139 Saecula.
393 1074 448 1138 Sic
466 1073 598 1156 placida
614 1075 755 1156 populos
771 1075 805 1136 in
822 1095 905 1156 pace
922 1074 1068 1156 regebat,

188 1179 347 1242 Deterior
363 1179 470 1241 donec
488 1179 649 1261 paulatim
668 1199 706 1241 ac
722 1179 855 1242 decolor
870 1188 963 1242 aetas

188 1284 234 1345 Et
249 1283 330 1345 belli
346 1283 454 1345 rabies
471 1292 505 1346 et
522 1303 614 1346 amor
630 1283 790 1346 successit
807 1283 960 1346 habendi.

188 1389 276 1450 Tum
293 1407 413 1449 manus
432 1387 585 1450 Ausonia
601 1397 635 1450 et
652 1397 770 1468 gentes
787 1406 909 1450 venere
927 1387 1076 1462 Sicanae,

191 1492 333 1573 Saepius
350 1501 384 1554 et
400 1511 524 1554 nomen
543 1493 651 1572 posuit
670 1490 827 1554 Saturnia
844 1491 959 1567 tellus;

98 1617 148 1666 330
190 1598 275 1658 Turn
292 1615 392 1676 reges
410 1615 575 1677 asperque
591 1595 728 1658 immani
744 1615 882 1676 corpore
899 1595 1054 1680 Thybris,

191 1701 223 1762 A
239 1721 306 1782 quo
323 1708 401 1781 post
420 1701 496 1762 Itali
513 1699 648 1761 fiuvium
666 1700 866 1780 cognomine
883 1699 1045 1784 Thybrim

191 1804 361 1879 Diximus;
388 1803 499 1866 amisit
516 1824 630 1866 verum
648 1814 742 1866 vetus
760 1803 884 1866 Albula
900 1824 1030 1866 nornen.

191 1910 246 1971 Me
264 1909 397 1990 pulsum
417 1907 524 1989 patria
542 1907 719 1989 pelagique
736 1918 883 1970 extrema
900 1919 1095 1990 sequentem

191 2014 340 2075 Fortuna
356 2011 568 2092 omnipotens
584 2021 618 2074 et
634 2012 844 2074 ineluctabile
862 2013 967 2075 iatum

105 2139 150 2191 335
191 2117 254 2179 His
273 2136 415 2198 posuere
431 2116 522 2190 locis,
541 2115 722 2197 matrisque
739 2135 838 2197 egere
851 2117 1023 2180 tremenda

190 2219 378 2284 Carmentis
397 2220 578 2303 Nymphae
595 2219 721 2282 monita
737 2229 771 2282 et
787 2221 869 2282 deus
885 2229 1001 2282 auctor
1017 2221 1171 2302 Apollo’'

231 2326 297 2388 Vix
313 2345 353 2386 ea
370 2324 459 2386 dicta
469 2345 477 2400 ;
495 2323 615 2386 dehinc
633 2345 830 2405 progressus
848 2333 1010 2388 monstrat
1023 2334 1056 2387 et
1073 2345 1163 2386 aram

190 2430 233 2492 Et
250 2429 499 2492 Carmentalem
518 2429 661 2490 Romani
678 2429 811 2491 nomine
828 2437 957 2509 portam

190 2533 301 2614 Quam
319 2541 515 2606 memorant,
535 2533 716 2616 Nymphae
737 2532 882 2614 priscum
904 2532 1091 2596 Carmentis
1108 2533 1207 2595 hono-

277 2657 357 2712 rern,

106 2765 151 2813 340
189 2741 286 2804 Vatis
303 2741 471 2816 fatidicae,
489 2740 609 2805 cecinit
625 2760 711 2823 quae
729 2741 835 2822 prima
852 2742 981 2804 tuturos

190 2845 370 2908 Aeneadas
388 2865 529 2926 magnos
545 2855 578 2908 et
594 2844 705 2908 nobile
723 2845 939 2908 Pallanteum.

191 2950 282 3012 Hinc
300 2950 409 3012 lucum
428 2949 609 3030 ingentem,
629 2969 729 3032 quern
748 2950 911 3012 Romulus
928 2969 1004 3014 acer
1021 2950 1162 3034 Asylum

192 3053 333 3116 Rettulit
349 3063 383 3116 et
399 3053 509 3135 gelida
526 3063 690 3118 monstrat
706 3055 766 3117 sub
784 3075 867 3136 rupe
885 3055 1061 3136 Lupercal,

191 3157 367 3220 Parrhasio
384 3157 509 3220 dictum
528 3159 636 3221 Panos
653 3158 694 3222 de
710 3179 801 3222 more
820 3158 952 3242 Lycaei.

105 3285 149 3338 345
191 3262 264 3324 Nec
281 3282 349 3325 non
365 3272 399 3325 et
415 3263 500 3325 sacri
517 3272 679 3326 monstrat
694 3283 812 3326 nemus
829 3263 981 3344 Argileti,

191 3367 414 3448 Testaturque
432 3368 550 3442 locum,
569 3377 602 3430 et
618 3367 720 3429 letum
738 3368 835 3430 docet
853 3367 993 3448 hospitis
1011 3368 1104 3449 Argi.

193 3469 283 3534 Hinc
300 3471 343 3533 ad
360 3472 538 3552 Tarpeiam
556 3471 669 3535 sedern
686 3481 719 3534 et
737 3471 902 3553 Capitolia
919 3472 1018 3548 ducit,

192 3575 307 3638 Aurea
324 3596 422 3649 nunc,
440 3575 518 3638 olim
535 3575 741 3638 silvestribus
758 3575 891 3638 horrida
910 3576 1027 3638 dumis.

237 3680 309 3742 Iam
325 3689 397 3742 tum
413 3679 529 3760 religio
546 3679 684 3761 pavidos
701 3680 846 3743 terrebat
862 3689 1012 3760 agrestes

108 3807 153 3862 350
194 3783 276 3846 Dira
292 3785 357 3847 loci
367 3804 374 3860 ;
399 3783 465 3847 iam
481 3792 551 3846 tum
568 3783 684 3847 silvam
702 3804 883 3866 saxumque
900 3784 1096 3846 tremebant.
