2816 4282
442 309 560 370 brnen
586 293 842 370 Duobucmus
1135 323 1170 391 31
1180 322 1195 391 ς

165 497 183 525 “
191 494 320 572 Turne,
342 515 409 577 per
426 495 487 556 has
505 513 569 575 ego
584 502 617 556 te
634 493 795 570 lacrimas,
815 515 875 576 per
893 493 920 558 si
936 494 1009 578 quis
1027 497 1171 561 Amatae

162 598 289 679 Tangit
307 599 427 662 honos
439 598 597 673 animum,
609 618 741 680 -spes
758 609 793 661 tu
811 619 900 664 nunc
917 620 993 676 una,
1012 610 1168 664 senectae

162 701 214 762 Tu
230 703 376 784 requies
393 701 555 778 miserae;
579 701 682 766 decus
699 702 942 786 imperiumque
960 703 1071 768 Latini

161 805 210 868 Te
228 823 365 885 penes;
391 805 425 869 in
442 814 476 868 te
493 805 600 868 omnis
616 805 733 868 domus
750 806 908 870 inclinata
924 809 1139 884 recumbit-,-

56 930 60 940 ⁵
86 913 113 961 ⁶0
162 909 281 972 Unum
300 929 385 972 oro:
411 909 535 972 desiste
552 927 686 971 manum
705 910 911 976 committere
928 912 1074 976 Teucris.

163 1012 230 1094 Qui
247 1023 285 1078 te
302 1033 454 1096 cumque
473 1022 609 1078 manent
626 1014 690 1078 isto
706 1016 886 1078 certamine
903 1037 1009 1092 casus,

166 1116 210 1179 Et
226 1137 295 1193 me,
314 1119 443 1191 Turne,
463 1127 618 1194 manent;
646 1118 744 1182 simul
761 1119 843 1183 haec
860 1122 967 1184 invisa
983 1121 1167 1202 relinquam

166 1220 331 1298 Lumina,
349 1243 413 1286 nec
429 1243 591 1304 generum
611 1224 752 1288 Aenean
770 1225 902 1306 captiva
916 1224 1068 1288 videbo.”

210 1327 366 1410 Accepit
380 1347 499 1390 vocem
518 1328 661 1392 lacrimis
680 1318 819 1392 Lavinia
836 1328 950 1392 matris

88 1434 114 1498 ⁶5
166 1431 376 1513 Flagrantes
393 1433 531 1516 perfusa
548 1453 662 1515 genas,
681 1433 734 1496 cui
751 1432 912 1514 plurimus
928 1433 1041 1514 ignem

170 1534 326 1600 Subiecit
342 1537 453 1612 rubor,
472 1547 505 1600 et
521 1537 686 1603 calefacta
704 1557 764 1618 per
780 1555 846 1600 ora·
853 1539 1006 1600 cucurrit.

170 1639 300 1704 Indum
318 1643 505 1723 sanguineo
522 1641 623 1704 veluti
641 1641 812 1704 violaverit
829 1650 918 1704 ostro

172 1743 209 1806 Si
226 1745 306 1827 quis
322 1745 414 1821 ebur,
433 1755 490 1808 aut
507 1745 608 1808 mixta
626 1745 745 1808 rubent
762 1745 817 1808 ubi
834 1745 900 1808 lilia
917 1745 1020 1808 multa

172 1847 267 1912 Alba
285 1870 359 1912 rosa
373 1850 489 1936 :tales
505 1851 599 1930 virgo
616 1849 717 1912 dabat
734 1869 790 1912 ore
806 1850 942 1912 colores.

94 1964 122 2016 70
173 1951 276 2016 Illum
293 1954 408 2018 turbat
423 1973 525 2029 amor,
544 1955 682 2035 figitque
697 1953 731 2016 in
748 1952 875 2034 virgine
892 1953 1012 2016 vultus.

175 2054 290 2120 Ardet
304 2057 338 2120 in
356 2077 448 2120 arma
465 2057 580 2139 magis,
599 2057 780 2139 paucisque
796 2057 930 2120 adfatur
946 2057 1125 2122 Amatam:

178 2164 196 2192 “
209 2161 274 2237 Ne,
292 2181 430 2244 quaeso,
448 2181 560 2226 neme
578 2161 730 2238 lacrimis
748 2181 832 2226 neve
848 2161 958 2224 omine
975 2171 1068 2225 tanto

178 2263 386 2348 Prosequere
402 2265 436 2327 in
452 2266 524 2328 duri
541 2266 722 2331 certamina
740 2263 858 2328 Martis
874 2275 1019 2341 euntem,

180 2367 212 2432 O
229 2377 355 2445 mater;
380 2387 489 2451 neque
506 2371 594 2435 enim
612 2371 727 2434 Turno
744 2388 836 2432 mora
852 2368 954 2431 libera
972 2369 1095 2432 mortis.

99 2483 125 2538 75
179 2471 330 2536 Nuntius
347 2473 440 2548 haec,
461 2473 589 2548 Idmon,
610 2473 754 2558 Phrygio
771 2491 845 2536 mea
862 2472 950 2536 dicta
966 2482 1108 2557 tyranno

183 2576 286 2638 Haud
304 2575 467 2658 placitura
483 2577 589 2642 reier:
616 2578 700 2642 Cum
718 2576 861 2658 primum
878 2577 1022 2641 crastina
1038 2578 1131 2640 caelo

183 2679 337 2744 Puniceis
353 2681 485 2744 invecta
501 2681 588 2744 rotis
598 2681 731 2744 Aurora
747 2680 886 2756 rubebit,

184 2785 262 2849 Non
280 2785 432 2848 Teucros
455 2795 534 2867 agat
560 2784 777 2862 in-Rutulos;
806 2785 971 2848 Teucrum
997 2805 1090 2848 arma
1113 2785 1201 2868 quie-

272 2895 377 2963 scant,
452 2939 453 2944 1

185 3002 229 3065 Et
247 3000 382 3076 Rutuli;
407 3011 522 3064 nostro
538 2999 731 3064 dirimamus
748 3000 911 3082 sanguine
926 2999 1068 3077 bellum;

101 3105 131 3156 80
182 3105 247 3167 Illo
264 3114 444 3186 quaeratur
460 3103 603 3168 coniunx
621 3105 759 3166 Lavinia
777 3105 927 3185 campo.”

229 3208 327 3272 Haec
344 3207 401 3270 ubi
415 3193 504 3272 dicta
520 3207 620 3284 dedit,
639 3208 841 3290 rapidusque
857 3209 889 3270 in
906 3217 997 3272 tecta
1012 3208 1158 3285 recessit,

186 3312 297 3375 Poscit
312 3332 425 3394 equos,
443 3312 633 3394 gaudetque
648 3321 746 3375 tuens
763 3321 839 3374 ante
856 3331 913 3375 ora
929 3313 1119 3388 frementes,

187 3416 340 3479 Pilumno
355 3435 438 3498 quos
454 3416 526 3497 ipsa
543 3417 645 3479 decus
662 3415 753 3478 dedit
770 3415 932 3499 Orithyia,

186 3519 254 3601 Qui
269 3519 413 3584 candore
429 3521 523 3582 nives
540 3519 714 3595 anteirent,
732 3518 884 3582 cursibus
900 3540 1006 3583 auras

103 3627 132 3694 85
186 3623 411 3688 Circumstant
428 3623 568 3705 properi
580 3625 715 3704 aurigae
733 3622 953 3706 manibusque
970 3623 1137 3688 lacessunt

188 3728 326 3790 Pectora
343 3727 460 3808 plausa
476 3727 567 3790 cavis
583 3736 617 3789 et
633 3728 719 3790 colla
735 3727 901 3790 comantia
917 3737 1066 3809 pectunt.

160 3913 163 3920 Ι
188 3831 269 3912 lpse
284 3829 404 3894 dehinc
420 3850 501 3896 auro
518 3830 726 3912 squalentem
744 3829 886 3912 alboque
902 3830 1068 3893 orichalco
