<?xml version="1.0" encoding="UTF-8"?>
<!DOCTYPE html PUBLIC "-//W3C//DTD XHTML 1.0 Transitional//EN"
    "http://www.w3.org/TR/xhtml1/DTD/xhtml1-transitional.dtd">
<html xmlns="http://www.w3.org/1999/xhtml" xml:lang="en" lang="en">
 <head>
  <title>
</title>
<meta http-equiv="Content-Type" content="text/html;charset=utf-8" />
  <meta name='ocr-system' content='tesseract 3.04.00' />
  <meta name='ocr-capabilities' content='ocr_page ocr_carea ocr_par ocr_line ocrx_word'/>
</head>
<body>
  <div class='ocr_page' id='page_1' title='image "./virgilsaeneidbo00denngoog_0351.png"; bbox 0 0 2816 4282; ppageno 0'>
   <div class='ocr_carea' id='block_1_1' title="bbox 196 293 938 373">
    <p class='ocr_par' dir='ltr' id='par_1_1' title="bbox 196 293 938 373">
     <span class='ocr_line' id='line_1_1' title="bbox 196 293 938 373; baseline -0.012 -16"><span class='ocrx_word' id='word_1_1' title='bbox 196 309 257 373; x_wconf 83' lang='lat'>332</span> <span class='ocrx_word' id='word_1_2' title='bbox 553 293 711 347; x_wconf 76' lang='lat' dir='ltr'>veantur</span> <span class='ocrx_word' id='word_1_3' title='bbox 738 295 938 349; x_wconf 78' lang='lat' dir='ltr'>nauaroos</span> 
     </span>
    </p>
   </div>
   <div class='ocr_carea' id='block_1_2' title="bbox 190 474 1302 3896">
    <p class='ocr_par' dir='ltr' id='par_1_2' title="bbox 285 474 1209 662">
     <span class='ocr_line' id='line_1_2' title="bbox 285 474 1209 558; baseline 0.001 -17"><span class='ocrx_word' id='word_1_4' title='bbox 285 475 491 550; x_wconf 85' lang='lat' dir='ltr'>Dardanium</span> <span class='ocrx_word' id='word_1_5' title='bbox 508 474 661 550; x_wconf 85' lang='lat' dir='ltr'>Aenean,</span> <span class='ocrx_word' id='word_1_6' title='bbox 679 494 906 558; x_wconf 86' lang='lat' dir='ltr'>generumque</span> <span class='ocrx_word' id='word_1_7' title='bbox 923 476 1101 544; x_wconf 85' lang='lat' dir='ltr'>adsciverit</span> <span class='ocrx_word' id='word_1_8' title='bbox 1117 479 1209 542; x_wconf 84' lang='lat' dir='ltr'>ultro</span> 
     </span>
     <span class='ocr_line' id='line_1_3' title="bbox 331 579 1143 662; baseline 0.001 -18"><span class='ocrx_word' id='word_1_9' title='bbox 331 583 464 644; x_wconf 88' lang='lat' dir='ltr'>Interea</span> <span class='ocrx_word' id='word_1_10' title='bbox 480 588 628 642; x_wconf 85' lang='lat' dir='ltr'>extremo</span> <span class='ocrx_word' id='word_1_11' title='bbox 644 579 783 642; x_wconf 81' lang='lat' dir='ltr'>bellator</span> <span class='ocrx_word' id='word_1_12' title='bbox 799 579 832 643; x_wconf 92' lang='lat' dir='ltr'>in</span> <span class='ocrx_word' id='word_1_13' title='bbox 848 599 991 662; x_wconf 90' lang='lat' dir='ltr'>aequore</span> <span class='ocrx_word' id='word_1_14' title='bbox 1008 583 1143 646; x_wconf 90' lang='lat' dir='ltr'>Turnus</span> 
     </span>
    </p>

    <p class='ocr_par' dir='ltr' id='par_1_3' title="bbox 195 683 1211 1168">
     <span class='ocr_line' id='line_1_4' title="bbox 195 683 1106 768; baseline -0.001 -18"><span class='ocrx_word' id='word_1_15' title='bbox 195 701 242 765; x_wconf 82' lang='lat'>615</span> <span class='ocrx_word' id='word_1_16' title='bbox 285 688 439 750; x_wconf 90' lang='lat' dir='ltr'>Palantes</span> <span class='ocrx_word' id='word_1_17' title='bbox 456 683 604 766; x_wconf 87' lang='lat' dir='ltr'>sequitur</span> <span class='ocrx_word' id='word_1_18' title='bbox 620 703 745 765; x_wconf 89' lang='lat' dir='ltr'>paucos</span> <span class='ocrx_word' id='word_1_19' title='bbox 761 684 826 745; x_wconf 88' lang='lat' dir='ltr'>iam</span> <span class='ocrx_word' id='word_1_20' title='bbox 844 685 985 766; x_wconf 85' lang='lat' dir='ltr'>segnior,</span> <span class='ocrx_word' id='word_1_21' title='bbox 1005 695 1106 768; x_wconf 87' lang='lat' dir='ltr'>atque</span> 
     </span>
     <span class='ocr_line' id='line_1_5' title="bbox 285 788 1211 873; baseline -0.001 -19"><span class='ocrx_word' id='word_1_22' title='bbox 285 792 357 854; x_wconf 93' lang='lat' dir='ltr'>Iam</span> <span class='ocrx_word' id='word_1_23' title='bbox 374 789 483 851; x_wconf 92' lang='lat' dir='ltr'>minus</span> <span class='ocrx_word' id='word_1_24' title='bbox 500 798 600 870; x_wconf 91' lang='lat' dir='ltr'>atque</span> <span class='ocrx_word' id='word_1_25' title='bbox 617 788 726 850; x_wconf 92' lang='lat' dir='ltr'>minus</span> <span class='ocrx_word' id='word_1_26' title='bbox 742 808 899 851; x_wconf 89' lang='lat' dir='ltr'>successu</span> <span class='ocrx_word' id='word_1_27' title='bbox 916 789 1023 852; x_wconf 92' lang='lat' dir='ltr'>laetus</span> <span class='ocrx_word' id='word_1_28' title='bbox 1043 810 1211 873; x_wconf 91' lang='lat' dir='ltr'>equorum.</span> 
     </span>
     <span class='ocr_line' id='line_1_6' title="bbox 283 892 993 958; baseline -0.003 0"><span class='ocrx_word' id='word_1_29' title='bbox 283 894 408 958; x_wconf 85' lang='lat' dir='ltr'>Attulit</span> <span class='ocrx_word' id='word_1_30' title='bbox 424 894 512 956; x_wconf 92' lang='lat' dir='ltr'>hunc</span> <span class='ocrx_word' id='word_1_31' title='bbox 529 892 575 954; x_wconf 94' lang='lat' dir='ltr'>illi</span> <span class='ocrx_word' id='word_1_32' title='bbox 591 894 699 955; x_wconf 87' lang='lat' dir='ltr'>caecis</span> <span class='ocrx_word' id='word_1_33' title='bbox 716 893 896 956; x_wconf 89' lang='lat' dir='ltr'>terroribus</span> <span class='ocrx_word' id='word_1_34' title='bbox 913 914 993 956; x_wconf 87' lang='lat' dir='ltr'>aura</span> 
     </span>
     <span class='ocr_line' id='line_1_7' title="bbox 284 998 1204 1080; baseline -0.002 -16"><span class='ocrx_word' id='word_1_35' title='bbox 284 998 506 1064; x_wconf 87' lang='lat' dir='ltr'>Commixtum</span> <span class='ocrx_word' id='word_1_36' title='bbox 523 998 712 1072; x_wconf 90' lang='lat' dir='ltr'>clamorem,</span> <span class='ocrx_word' id='word_1_37' title='bbox 731 1008 941 1080; x_wconf 80' lang='lat' dir='ltr'>arrectasque</span> <span class='ocrx_word' id='word_1_38' title='bbox 959 999 1090 1080; x_wconf 90' lang='lat' dir='ltr'>impulit</span> <span class='ocrx_word' id='word_1_39' title='bbox 1107 1019 1204 1063; x_wconf 91' lang='lat' dir='ltr'>aures</span> 
     </span>
     <span class='ocr_line' id='line_1_8' title="bbox 284 1101 1107 1168; baseline -0.004 0"><span class='ocrx_word' id='word_1_40' title='bbox 284 1103 454 1168; x_wconf 88' lang='lat' dir='ltr'>Confusae</span> <span class='ocrx_word' id='word_1_41' title='bbox 470 1122 572 1164; x_wconf 88' lang='lat' dir='ltr'>sonus</span> <span class='ocrx_word' id='word_1_42' title='bbox 588 1101 678 1164; x_wconf 92' lang='lat' dir='ltr'>urbis</span> <span class='ocrx_word' id='word_1_43' title='bbox 695 1110 728 1163; x_wconf 89' lang='lat' dir='ltr'>et</span> <span class='ocrx_word' id='word_1_44' title='bbox 745 1101 934 1164; x_wconf 86' lang='lat' dir='ltr'>inlaetabile</span> <span class='ocrx_word' id='word_1_45' title='bbox 951 1123 1107 1166; x_wconf 91' lang='lat' dir='ltr'>murmur.</span> 
     </span>
    </p>

    <p class='ocr_par' dir='ltr' id='par_1_4' title="bbox 195 1206 1157 1394">
     <span class='ocr_line' id='line_1_9' title="bbox 195 1206 1157 1288; baseline 0 -18"><span class='ocrx_word' id='word_1_46' title='bbox 195 1222 245 1270; x_wconf 77' lang='lat'>620</span> <span class='ocrx_word' id='word_1_47' title='bbox 287 1208 361 1270; x_wconf 90' lang='lat' dir='ltr'>“Ei</span> <span class='ocrx_word' id='word_1_48' title='bbox 376 1206 474 1269; x_wconf 89' lang='lat' dir='ltr'>mihi!</span> <span class='ocrx_word' id='word_1_49' title='bbox 500 1206 580 1288; x_wconf 90' lang='lat' dir='ltr'>quid</span> <span class='ocrx_word' id='word_1_50' title='bbox 596 1216 689 1268; x_wconf 91' lang='lat' dir='ltr'>tanto</span> <span class='ocrx_word' id='word_1_51' title='bbox 705 1206 880 1269; x_wconf 88' lang='lat' dir='ltr'>turbantur</span> <span class='ocrx_word' id='word_1_52' title='bbox 896 1207 1027 1270; x_wconf 90' lang='lat' dir='ltr'>moenia</span> <span class='ocrx_word' id='word_1_53' title='bbox 1042 1208 1157 1270; x_wconf 89' lang='lat' dir='ltr'>luctu?</span> 
     </span>
     <span class='ocr_line' id='line_1_10' title="bbox 283 1310 1149 1394; baseline 0.001 -20"><span class='ocrx_word' id='word_1_54' title='bbox 283 1312 410 1394; x_wconf 87' lang='lat' dir='ltr'>Quisve</span> <span class='ocrx_word' id='word_1_55' title='bbox 426 1311 491 1373; x_wconf 91' lang='lat' dir='ltr'>ruit</span> <span class='ocrx_word' id='word_1_56' title='bbox 508 1320 620 1373; x_wconf 90' lang='lat' dir='ltr'>tantus</span> <span class='ocrx_word' id='word_1_57' title='bbox 636 1310 768 1373; x_wconf 90' lang='lat' dir='ltr'>diversa</span> <span class='ocrx_word' id='word_1_58' title='bbox 783 1311 908 1374; x_wconf 89' lang='lat' dir='ltr'>clamor</span> <span class='ocrx_word' id='word_1_59' title='bbox 924 1311 965 1373; x_wconf 93' lang='lat' dir='ltr'>ab</span> <span class='ocrx_word' id='word_1_60' title='bbox 982 1312 1085 1375; x_wconf 89' lang='lat' dir='ltr'>urbe?</span> <span class='ocrx_word' id='word_1_61' title='bbox 1098 1313 1115 1336; x_wconf 89' lang='lat'>&#39;’</span> <span class='ocrx_word' id='word_1_62' title='bbox 1144 1380 1149 1390; x_wconf 61' lang='grc'>,</span> 
     </span>
    </p>

    <p class='ocr_par' dir='ltr' id='par_1_5' title="bbox 283 1415 1225 1706">
     <span class='ocr_line' id='line_1_11' title="bbox 285 1415 1225 1502; baseline -0.003 -22"><span class='ocrx_word' id='word_1_63' title='bbox 285 1415 340 1480; x_wconf 87' lang='lat' dir='ltr'>Sic</span> <span class='ocrx_word' id='word_1_64' title='bbox 358 1416 411 1492; x_wconf 90' lang='lat' dir='ltr'>ait,</span> <span class='ocrx_word' id='word_1_65' title='bbox 429 1415 647 1496; x_wconf 88' lang='lat' dir='ltr'>adductisque</span> <span class='ocrx_word' id='word_1_66' title='bbox 664 1435 780 1478; x_wconf 90' lang='lat' dir='ltr'>amens</span> <span class='ocrx_word' id='word_1_67' title='bbox 796 1415 945 1479; x_wconf 92' lang='lat' dir='ltr'>subsistit</span> <span class='ocrx_word' id='word_1_68' title='bbox 960 1415 1108 1479; x_wconf 89' lang='lat' dir='ltr'>habenis.</span> <span class='ocrx_word' id='word_1_69' title='bbox 1220 1495 1225 1502; x_wconf 92' lang='lat'><em>.</em></span> 
     </span>
     <span class='ocr_line' id='line_1_12' title="bbox 284 1519 1173 1602; baseline 0.001 -20"><span class='ocrx_word' id='word_1_70' title='bbox 284 1520 398 1602; x_wconf 85' lang='lat' dir='ltr'>Atque</span> <span class='ocrx_word' id='word_1_71' title='bbox 414 1521 499 1596; x_wconf 91' lang='lat' dir='ltr'>huic,</span> <span class='ocrx_word' id='word_1_72' title='bbox 513 1521 547 1581; x_wconf 93' lang='lat' dir='ltr'>in</span> <span class='ocrx_word' id='word_1_73' title='bbox 564 1519 684 1582; x_wconf 85' lang='lat' dir='ltr'>faciem</span> <span class='ocrx_word' id='word_1_74' title='bbox 702 1540 793 1582; x_wconf 93' lang='lat' dir='ltr'>soror</span> <span class='ocrx_word' id='word_1_75' title='bbox 809 1529 845 1582; x_wconf 94' lang='lat' dir='ltr'>ut</span> <span class='ocrx_word' id='word_1_76' title='bbox 861 1540 1021 1583; x_wconf 88' lang='lat' dir='ltr'>conversa</span> <span class='ocrx_word' id='word_1_77' title='bbox 1039 1521 1173 1583; x_wconf 89' lang='lat' dir='ltr'>Metisci</span> 
     </span>
     <span class='ocr_line' id='line_1_13' title="bbox 283 1624 1116 1706; baseline 0 -19"><span class='ocrx_word' id='word_1_78' title='bbox 283 1624 434 1706; x_wconf 86' lang='lat' dir='ltr'>Aurigae</span> <span class='ocrx_word' id='word_1_79' title='bbox 450 1643 650 1705; x_wconf 91' lang='lat' dir='ltr'>currumque</span> <span class='ocrx_word' id='word_1_80' title='bbox 667 1633 700 1686; x_wconf 91' lang='lat' dir='ltr'>et</span> <span class='ocrx_word' id='word_1_81' title='bbox 715 1644 818 1706; x_wconf 91' lang='lat' dir='ltr'>equos</span> <span class='ocrx_word' id='word_1_82' title='bbox 834 1634 869 1687; x_wconf 93' lang='lat' dir='ltr'>et</span> <span class='ocrx_word' id='word_1_83' title='bbox 885 1625 955 1687; x_wconf 92' lang='lat' dir='ltr'>lora</span> <span class='ocrx_word' id='word_1_84' title='bbox 970 1624 1116 1705; x_wconf 90' lang='lat' dir='ltr'>regebat,</span> 
     </span>
    </p>

    <p class='ocr_par' dir='ltr' id='par_1_6' title="bbox 196 1727 1191 1811">
     <span class='ocr_line' id='line_1_14' title="bbox 196 1727 1191 1811; baseline 0.004 -24"><span class='ocrx_word' id='word_1_85' title='bbox 196 1739 243 1804; x_wconf 84' lang='lat'>625</span> <span class='ocrx_word' id='word_1_86' title='bbox 284 1728 422 1791; x_wconf 92' lang='lat' dir='ltr'>Talibus</span> <span class='ocrx_word' id='word_1_87' title='bbox 438 1727 579 1790; x_wconf 91' lang='lat' dir='ltr'>occurrit</span> <span class='ocrx_word' id='word_1_88' title='bbox 596 1727 710 1791; x_wconf 91' lang='lat' dir='ltr'>dictis:</span> <span class='ocrx_word' id='word_1_89' title='bbox 737 1734 754 1761; x_wconf 89' lang='lat'><strong>“</strong></span> <span class='ocrx_word' id='word_1_90' title='bbox 768 1729 852 1804; x_wconf 90' lang='lat' dir='ltr'>Hac,</span> <span class='ocrx_word' id='word_1_91' title='bbox 870 1730 991 1804; x_wconf 91' lang='lat' dir='ltr'>Turne,</span> <span class='ocrx_word' id='word_1_92' title='bbox 1010 1749 1191 1811; x_wconf 91' lang='lat' dir='ltr'>sequamur</span> 
     </span>
    </p>

    <p class='ocr_par' dir='ltr' id='par_1_7' title="bbox 190 1828 1244 2019">
     <span class='ocr_line' id='line_1_15' title="bbox 190 1828 1244 1915; baseline 0 -20"><span class='ocrx_word' id='word_1_93' title='bbox 190 1845 193 1849; x_wconf 80' lang='grc'><strong>“</strong></span> <span class='ocrx_word' id='word_1_94' title='bbox 284 1831 501 1914; x_wconf 81' lang='lat' dir='ltr'>TroiugenaS,</span> <span class='ocrx_word' id='word_1_95' title='bbox 519 1853 585 1914; x_wconf 92' lang='lat' dir='ltr'>qua</span> <span class='ocrx_word' id='word_1_96' title='bbox 601 1831 708 1914; x_wconf 90' lang='lat' dir='ltr'>prima</span> <span class='ocrx_word' id='word_1_97' title='bbox 723 1834 811 1895; x_wconf 90' lang='lat' dir='ltr'>viam</span> <span class='ocrx_word' id='word_1_98' title='bbox 827 1833 965 1896; x_wconf 90' lang='lat' dir='ltr'>victoria</span> <span class='ocrx_word' id='word_1_99' title='bbox 981 1834 1117 1915; x_wconf 90' lang='lat' dir='ltr'>pandit;</span> <span class='ocrx_word' id='word_1_100' title='bbox 1242 1828 1244 1831; x_wconf 60' lang='grc'>’</span> 
     </span>
     <span class='ocr_line' id='line_1_16' title="bbox 284 1936 1099 2019; baseline -0.001 -19"><span class='ocrx_word' id='word_1_101' title='bbox 284 1936 371 2001; x_wconf 89' lang='lat' dir='ltr'>Sunt</span> <span class='ocrx_word' id='word_1_102' title='bbox 386 1937 450 2012; x_wconf 91' lang='lat' dir='ltr'>alii,</span> <span class='ocrx_word' id='word_1_103' title='bbox 468 1936 524 2018; x_wconf 92' lang='lat' dir='ltr'>qui</span> <span class='ocrx_word' id='word_1_104' title='bbox 540 1945 628 1999; x_wconf 91' lang='lat' dir='ltr'>tecta</span> <span class='ocrx_word' id='word_1_105' title='bbox 644 1957 744 1998; x_wconf 88' lang='lat' dir='ltr'>manu</span> <span class='ocrx_word' id='word_1_106' title='bbox 762 1937 944 2000; x_wconf 85' lang='lat' dir='ltr'>defendere</span> <span class='ocrx_word' id='word_1_107' title='bbox 962 1938 1099 2019; x_wconf 89' lang='lat' dir='ltr'>possint.</span> 
     </span>
    </p>

    <p class='ocr_par' dir='ltr' id='par_1_8' title="bbox 200 2040 1125 2210">
     <span class='ocr_line' id='line_1_17' title="bbox 200 2040 1029 2126; baseline 0.002 -24"><span class='ocrx_word' id='word_1_108' title='bbox 200 2092 207 2103; x_wconf 94' lang='lat'><strong>.</strong></span> <span class='ocrx_word' id='word_1_109' title='bbox 287 2040 416 2122; x_wconf 90' lang='lat' dir='ltr'>Ingruit</span> <span class='ocrx_word' id='word_1_110' title='bbox 433 2041 569 2124; x_wconf 89' lang='lat' dir='ltr'>Aeneas</span> <span class='ocrx_word' id='word_1_111' title='bbox 588 2041 681 2104; x_wconf 88' lang='lat' dir='ltr'>Italis</span> <span class='ocrx_word' id='word_1_112' title='bbox 697 2051 730 2104; x_wconf 93' lang='lat' dir='ltr'>et</span> <span class='ocrx_word' id='word_1_113' title='bbox 751 2042 877 2126; x_wconf 92' lang='lat' dir='ltr'>proelia</span> <span class='ocrx_word' id='word_1_114' title='bbox 894 2042 1029 2117; x_wconf 93' lang='lat' dir='ltr'>miscet;</span> 
     </span>
     <span class='ocr_line' id='line_1_18' title="bbox 286 2145 1125 2210; baseline 0 -2"><span class='ocrx_word' id='word_1_115' title='bbox 286 2146 330 2208; x_wconf 88' lang='lat' dir='ltr'>Et</span> <span class='ocrx_word' id='word_1_116' title='bbox 345 2166 407 2208; x_wconf 93' lang='lat' dir='ltr'>nos</span> <span class='ocrx_word' id='word_1_117' title='bbox 423 2165 524 2208; x_wconf 91' lang='lat' dir='ltr'>saeva</span> <span class='ocrx_word' id='word_1_118' title='bbox 540 2166 639 2208; x_wconf 94' lang='lat' dir='ltr'>manu</span> <span class='ocrx_word' id='word_1_119' title='bbox 656 2145 826 2208; x_wconf 86' lang='lat' dir='ltr'>mittamus</span> <span class='ocrx_word' id='word_1_120' title='bbox 843 2147 962 2208; x_wconf 92' lang='lat' dir='ltr'>funera</span> <span class='ocrx_word' id='word_1_121' title='bbox 978 2147 1125 2210; x_wconf 89' lang='lat' dir='ltr'>Teucris.</span> 
     </span>
    </p>

    <p class='ocr_par' dir='ltr' id='par_1_9' title="bbox 197 2249 1234 2331">
     <span class='ocr_line' id='line_1_19' title="bbox 197 2249 1234 2331; baseline 0.005 -23"><span class='ocrx_word' id='word_1_122' title='bbox 197 2261 246 2323; x_wconf 84' lang='lat'>630</span> <span class='ocrx_word' id='word_1_123' title='bbox 287 2250 359 2314; x_wconf 93' lang='lat' dir='ltr'>Nec</span> <span class='ocrx_word' id='word_1_124' title='bbox 375 2270 514 2312; x_wconf 91' lang='lat' dir='ltr'>numero</span> <span class='ocrx_word' id='word_1_125' title='bbox 530 2249 676 2325; x_wconf 89' lang='lat' dir='ltr'>inferior,</span> <span class='ocrx_word' id='word_1_126' title='bbox 695 2269 829 2331; x_wconf 85' lang='lat' dir='ltr'>pugnae</span> <span class='ocrx_word' id='word_1_127' title='bbox 845 2271 908 2313; x_wconf 92' lang='lat' dir='ltr'>nec</span> <span class='ocrx_word' id='word_1_128' title='bbox 925 2251 1050 2313; x_wconf 90' lang='lat' dir='ltr'>honore</span> <span class='ocrx_word' id='word_1_129' title='bbox 1066 2251 1234 2314; x_wconf 83' lang='lat' dir='ltr'>recedes”</span> 
     </span>
    </p>

    <p class='ocr_par' dir='ltr' id='par_1_10' title="bbox 327 2345 1286 2422">
     <span class='ocr_line' id='line_1_20' title="bbox 327 2345 1286 2422; baseline 0 -6"><span class='ocrx_word' id='word_1_130' title='bbox 327 2355 461 2416; x_wconf 91' lang='lat' dir='ltr'>Turnus</span> <span class='ocrx_word' id='word_1_131' title='bbox 478 2354 520 2416; x_wconf 92' lang='lat' dir='ltr'>ad</span> <span class='ocrx_word' id='word_1_132' title='bbox 537 2354 638 2416; x_wconf 89' lang='lat' dir='ltr'>haec:</span> <span class='ocrx_word' id='word_1_133' title='bbox 814 2417 816 2422; x_wconf 82' lang='grc'>,</span> <span class='ocrx_word' id='word_1_134' title='bbox 1281 2345 1286 2356; x_wconf 80' lang='grc'><strong>’</strong></span> 
     </span>
    </p>

    <p class='ocr_par' dir='ltr' id='par_1_11' title="bbox 286 2457 1242 2752">
     <span class='ocr_line' id='line_1_21' title="bbox 286 2457 1242 2541; baseline -0.002 -19"><span class='ocrx_word' id='word_1_135' title='bbox 286 2457 346 2522; x_wconf 91' lang='lat' dir='ltr'>“O</span> <span class='ocrx_word' id='word_1_136' title='bbox 364 2478 464 2534; x_wconf 90' lang='lat' dir='ltr'>soror,</span> <span class='ocrx_word' id='word_1_137' title='bbox 482 2468 515 2522; x_wconf 90' lang='lat' dir='ltr'>et</span> <span class='ocrx_word' id='word_1_138' title='bbox 531 2458 657 2521; x_wconf 93' lang='lat' dir='ltr'>dudum</span> <span class='ocrx_word' id='word_1_139' title='bbox 674 2459 828 2540; x_wconf 87' lang='lat' dir='ltr'>adgnovi,</span> <span class='ocrx_word' id='word_1_140' title='bbox 847 2480 922 2522; x_wconf 93' lang='lat' dir='ltr'>cum</span> <span class='ocrx_word' id='word_1_141' title='bbox 939 2460 1046 2540; x_wconf 91' lang='lat' dir='ltr'>prima</span> <span class='ocrx_word' id='word_1_142' title='bbox 1063 2479 1123 2541; x_wconf 92' lang='lat' dir='ltr'>per</span> <span class='ocrx_word' id='word_1_143' title='bbox 1138 2469 1242 2522; x_wconf 89' lang='lat' dir='ltr'>artem</span> 
     </span>
     <span class='ocr_line' id='line_1_22' title="bbox 287 2563 1106 2644; baseline -0.001 -18"><span class='ocrx_word' id='word_1_144' title='bbox 287 2563 437 2626; x_wconf 89' lang='lat' dir='ltr'>Foedera</span> <span class='ocrx_word' id='word_1_145' title='bbox 453 2563 593 2626; x_wconf 89' lang='lat' dir='ltr'>turbasti</span> <span class='ocrx_word' id='word_1_146' title='bbox 609 2572 708 2644; x_wconf 92' lang='lat' dir='ltr'>teque</span> <span class='ocrx_word' id='word_1_147' title='bbox 725 2564 808 2626; x_wconf 93' lang='lat' dir='ltr'>haec</span> <span class='ocrx_word' id='word_1_148' title='bbox 825 2563 858 2625; x_wconf 91' lang='lat' dir='ltr'>in</span> <span class='ocrx_word' id='word_1_149' title='bbox 875 2564 962 2626; x_wconf 87' lang='lat' dir='ltr'>bella</span> <span class='ocrx_word' id='word_1_150' title='bbox 978 2563 1106 2639; x_wconf 90' lang='lat' dir='ltr'>dedisti,</span> 
     </span>
     <span class='ocr_line' id='line_1_23' title="bbox 286 2665 1214 2752; baseline 0 -22"><span class='ocrx_word' id='word_1_151' title='bbox 286 2668 330 2730; x_wconf 90' lang='lat' dir='ltr'>Et</span> <span class='ocrx_word' id='word_1_152' title='bbox 345 2687 435 2730; x_wconf 90' lang='lat' dir='ltr'>nunc</span> <span class='ocrx_word' id='word_1_153' title='bbox 452 2665 651 2749; x_wconf 93' lang='lat' dir='ltr'>nequiquam</span> <span class='ocrx_word' id='word_1_154' title='bbox 670 2667 758 2729; x_wconf 86' lang='lat' dir='ltr'>fallis</span> <span class='ocrx_word' id='word_1_155' title='bbox 774 2668 845 2729; x_wconf 88' lang='lat' dir='ltr'>dea.</span> <span class='ocrx_word' id='word_1_156' title='bbox 892 2668 958 2731; x_wconf 90' lang='lat' dir='ltr'>Sed</span> <span class='ocrx_word' id='word_1_157' title='bbox 975 2667 1049 2750; x_wconf 92' lang='lat' dir='ltr'>quis</span> <span class='ocrx_word' id='word_1_158' title='bbox 1066 2668 1214 2752; x_wconf 92' lang='lat' dir='ltr'>Olympo</span> 
     </span>
    </p>

    <p class='ocr_par' dir='ltr' id='par_1_12' title="bbox 197 2771 1301 3271">
     <span class='ocr_line' id='line_1_24' title="bbox 197 2771 1049 2847; baseline 0.004 -16"><span class='ocrx_word' id='word_1_159' title='bbox 197 2783 244 2847; x_wconf 85' lang='lat'>⁶35</span> <span class='ocrx_word' id='word_1_160' title='bbox 287 2771 478 2834; x_wconf 90' lang='lat' dir='ltr'>Demissam</span> <span class='ocrx_word' id='word_1_161' title='bbox 494 2780 605 2833; x_wconf 89' lang='lat' dir='ltr'>tantos</span> <span class='ocrx_word' id='word_1_162' title='bbox 621 2772 724 2834; x_wconf 89' lang='lat' dir='ltr'>voluit</span> <span class='ocrx_word' id='word_1_163' title='bbox 740 2781 773 2834; x_wconf 93' lang='lat' dir='ltr'>te</span> <span class='ocrx_word' id='word_1_164' title='bbox 790 2772 878 2834; x_wconf 90' lang='lat' dir='ltr'>ferre</span> <span class='ocrx_word' id='word_1_165' title='bbox 894 2772 1049 2834; x_wconf 89' lang='lat' dir='ltr'>labores?</span> 
     </span>
     <span class='ocr_line' id='line_1_25' title="bbox 285 2874 1090 2939; baseline 0 -1"><span class='ocrx_word' id='word_1_166' title='bbox 285 2875 342 2938; x_wconf 92' lang='lat' dir='ltr'>An</span> <span class='ocrx_word' id='word_1_167' title='bbox 359 2875 471 2938; x_wconf 87' lang='lat' dir='ltr'>fratris</span> <span class='ocrx_word' id='word_1_168' title='bbox 487 2874 598 2937; x_wconf 92' lang='lat' dir='ltr'>miseri</span> <span class='ocrx_word' id='word_1_169' title='bbox 615 2875 718 2937; x_wconf 92' lang='lat' dir='ltr'>letum</span> <span class='ocrx_word' id='word_1_170' title='bbox 735 2885 771 2937; x_wconf 91' lang='lat' dir='ltr'>ut</span> <span class='ocrx_word' id='word_1_171' title='bbox 787 2876 922 2938; x_wconf 90' lang='lat' dir='ltr'>crudele</span> <span class='ocrx_word' id='word_1_172' title='bbox 939 2876 1090 2939; x_wconf 89' lang='lat' dir='ltr'>videres?</span> 
     </span>
     <span class='ocr_line' id='line_1_26' title="bbox 287 2979 1301 3062; baseline 0 -21"><span class='ocrx_word' id='word_1_173' title='bbox 287 2980 375 3042; x_wconf 90' lang='lat' dir='ltr'>Nam</span> <span class='ocrx_word' id='word_1_174' title='bbox 391 2980 470 3061; x_wconf 91' lang='lat' dir='ltr'>quid</span> <span class='ocrx_word' id='word_1_175' title='bbox 487 3001 560 3062; x_wconf 90' lang='lat' dir='ltr'>ag0,</span> <span class='ocrx_word' id='word_1_176' title='bbox 574 2990 630 3044; x_wconf 93' lang='lat' dir='ltr'>aut</span> <span class='ocrx_word' id='word_1_177' title='bbox 644 3001 729 3062; x_wconf 91' lang='lat' dir='ltr'>quae</span> <span class='ocrx_word' id='word_1_178' title='bbox 745 2981 811 3042; x_wconf 90' lang='lat' dir='ltr'>iam</span> <span class='ocrx_word' id='word_1_179' title='bbox 829 2980 971 3061; x_wconf 90' lang='lat' dir='ltr'>spondet</span> <span class='ocrx_word' id='word_1_180' title='bbox 988 2980 1122 3043; x_wconf 85' lang='lat' dir='ltr'>fortuna</span> <span class='ocrx_word' id='word_1_181' title='bbox 1138 2979 1301 3043; x_wconf 91' lang='lat' dir='ltr'>salutem?</span> 
     </span>
     <span class='ocr_line' id='line_1_27' title="bbox 285 3084 1141 3166; baseline 0.001 -20"><span class='ocrx_word' id='word_1_182' title='bbox 285 3084 363 3147; x_wconf 90' lang='lat' dir='ltr'>Vidi</span> <span class='ocrx_word' id='word_1_183' title='bbox 379 3085 491 3148; x_wconf 90' lang='lat' dir='ltr'>oculos</span> <span class='ocrx_word' id='word_1_184' title='bbox 509 3095 586 3148; x_wconf 88' lang='lat' dir='ltr'>ante</span> <span class='ocrx_word' id='word_1_185' title='bbox 602 3084 674 3166; x_wconf 90' lang='lat' dir='ltr'>ipse</span> <span class='ocrx_word' id='word_1_186' title='bbox 692 3105 783 3148; x_wconf 93' lang='lat' dir='ltr'>meos</span> <span class='ocrx_word' id='word_1_187' title='bbox 800 3105 853 3148; x_wconf 93' lang='lat' dir='ltr'>me</span> <span class='ocrx_word' id='word_1_188' title='bbox 869 3105 951 3147; x_wconf 93' lang='lat' dir='ltr'>voce</span> <span class='ocrx_word' id='word_1_189' title='bbox 967 3094 1141 3147; x_wconf 89' lang='lat' dir='ltr'>vocantem</span> 
     </span>
     <span class='ocr_line' id='line_1_28' title="bbox 287 3189 1140 3271; baseline 0 -21"><span class='ocrx_word' id='word_1_190' title='bbox 287 3189 493 3265; x_wconf 90' lang='lat' dir='ltr'>Murranum,</span> <span class='ocrx_word' id='word_1_191' title='bbox 512 3210 577 3271; x_wconf 95' lang='lat' dir='ltr'>quo</span> <span class='ocrx_word' id='word_1_192' title='bbox 594 3210 660 3253; x_wconf 89' lang='lat' dir='ltr'>non</span> <span class='ocrx_word' id='word_1_193' title='bbox 678 3199 814 3270; x_wconf 92' lang='lat' dir='ltr'>superat</span> <span class='ocrx_word' id='word_1_194' title='bbox 831 3189 912 3252; x_wconf 91' lang='lat' dir='ltr'>mihi</span> <span class='ocrx_word' id='word_1_195' title='bbox 928 3189 1034 3252; x_wconf 91' lang='lat' dir='ltr'>carior</span> <span class='ocrx_word' id='word_1_196' title='bbox 1049 3190 1140 3265; x_wconf 89' lang='lat' dir='ltr'>alter,</span> 
     </span>
    </p>

    <p class='ocr_par' dir='ltr' id='par_1_13' title="bbox 197 3291 1232 3789">
     <span class='ocr_line' id='line_1_29' title="bbox 197 3291 1232 3377; baseline 0.003 -25"><span class='ocrx_word' id='word_1_197' title='bbox 197 3304 247 3364; x_wconf 84' lang='lat'>640</span> <span class='ocrx_word' id='word_1_198' title='bbox 286 3291 467 3374; x_wconf 87' lang='lat' dir='ltr'>Oppetere,</span> <span class='ocrx_word' id='word_1_199' title='bbox 485 3296 665 3375; x_wconf 89' lang='lat' dir='ltr'>ingentem,</span> <span class='ocrx_word' id='word_1_200' title='bbox 684 3304 784 3377; x_wconf 91' lang='lat' dir='ltr'>atque</span> <span class='ocrx_word' id='word_1_201' title='bbox 801 3294 928 3375; x_wconf 93' lang='lat' dir='ltr'>ingenti</span> <span class='ocrx_word' id='word_1_202' title='bbox 946 3294 1082 3356; x_wconf 91' lang='lat' dir='ltr'>vulnere</span> <span class='ocrx_word' id='word_1_203' title='bbox 1098 3293 1232 3356; x_wconf 93' lang='lat' dir='ltr'>victum.</span> 
     </span>
     <span class='ocr_line' id='line_1_30' title="bbox 287 3397 1065 3462; baseline -0.001 -1"><span class='ocrx_word' id='word_1_204' title='bbox 287 3397 418 3461; x_wconf 91' lang='lat' dir='ltr'>Occidit</span> <span class='ocrx_word' id='word_1_205' title='bbox 434 3397 550 3461; x_wconf 81' lang='lat' dir='ltr'>infelix</span> <span class='ocrx_word' id='word_1_206' title='bbox 566 3419 608 3461; x_wconf 93' lang='lat' dir='ltr'>ne</span> <span class='ocrx_word' id='word_1_207' title='bbox 625 3409 773 3462; x_wconf 89' lang='lat' dir='ltr'>nostrum</span> <span class='ocrx_word' id='word_1_208' title='bbox 790 3399 936 3461; x_wconf 85' lang='lat' dir='ltr'>dedecus</span> <span class='ocrx_word' id='word_1_209' title='bbox 954 3399 1065 3462; x_wconf 86' lang='lat' dir='ltr'>Ufens</span> 
     </span>
     <span class='ocr_line' id='line_1_31' title="bbox 286 3500 1166 3584; baseline 0 -21"><span class='ocrx_word' id='word_1_210' title='bbox 286 3500 484 3582; x_wconf 90' lang='lat' dir='ltr'>Aspiceret;</span> <span class='ocrx_word' id='word_1_211' title='bbox 509 3502 629 3566; x_wconf 93' lang='lat' dir='ltr'>Teucri</span> <span class='ocrx_word' id='word_1_212' title='bbox 646 3503 817 3583; x_wconf 89' lang='lat' dir='ltr'>potiuntur</span> <span class='ocrx_word' id='word_1_213' title='bbox 833 3522 971 3584; x_wconf 92' lang='lat' dir='ltr'>corpore</span> <span class='ocrx_word' id='word_1_214' title='bbox 987 3512 1019 3565; x_wconf 91' lang='lat' dir='ltr'>et</span> <span class='ocrx_word' id='word_1_215' title='bbox 1036 3501 1143 3564; x_wconf 91' lang='lat' dir='ltr'>armis.</span> <span class='ocrx_word' id='word_1_216' title='bbox 1163 3537 1166 3544; x_wconf 90' lang='lat'>·</span> 
     </span>
     <span class='ocr_line' id='line_1_32' title="bbox 288 3604 1126 3670; baseline 0.001 -3"><span class='ocrx_word' id='word_1_217' title='bbox 288 3604 489 3668; x_wconf 88' lang='lat' dir='ltr'>Exscindine</span> <span class='ocrx_word' id='word_1_218' title='bbox 505 3607 715 3670; x_wconf 85' lang='lat' dir='ltr'>domos-id</span> <span class='ocrx_word' id='word_1_219' title='bbox 732 3607 830 3670; x_wconf 93' lang='lat' dir='ltr'>rebus</span> <span class='ocrx_word' id='word_1_220' title='bbox 846 3607 954 3670; x_wconf 92' lang='lat' dir='ltr'>defuit</span> <span class='ocrx_word' id='word_1_221' title='bbox 970 3627 1126 3669; x_wconf 92' lang='lat' dir='ltr'>unum-</span> 
     </span>
     <span class='ocr_line' id='line_1_33' title="bbox 288 3708 1128 3789; baseline 0.001 -18"><span class='ocrx_word' id='word_1_222' title='bbox 288 3708 465 3789; x_wconf 92' lang='lat' dir='ltr'>Perpetiar‚</span> <span class='ocrx_word' id='word_1_223' title='bbox 483 3710 598 3773; x_wconf 87' lang='lat' dir='ltr'>dextra</span> <span class='ocrx_word' id='word_1_224' title='bbox 614 3731 676 3774; x_wconf 91' lang='lat' dir='ltr'>nec</span> <span class='ocrx_word' id='word_1_225' title='bbox 696 3711 838 3773; x_wconf 92' lang='lat' dir='ltr'>Drancis</span> <span class='ocrx_word' id='word_1_226' title='bbox 855 3711 943 3775; x_wconf 91' lang='lat' dir='ltr'>dicta</span> <span class='ocrx_word' id='word_1_227' title='bbox 955 3711 1128 3774; x_wconf 83' lang='lat' dir='ltr'>refellam?</span> 
     </span>
    </p>

    <p class='ocr_par' dir='ltr' id='par_1_14' title="bbox 199 3811 1302 3896">
     <span class='ocr_line' id='line_1_34' title="bbox 199 3811 1302 3896; baseline 0.006 -25"><span class='ocrx_word' id='word_1_228' title='bbox 199 3822 246 3887; x_wconf 85' lang='lat'>⁶45</span> <span class='ocrx_word' id='word_1_229' title='bbox 289 3813 401 3892; x_wconf 90' lang='lat' dir='ltr'>Terga</span> <span class='ocrx_word' id='word_1_230' title='bbox 419 3811 516 3887; x_wconf 86' lang='lat' dir='ltr'>dabo,</span> <span class='ocrx_word' id='word_1_231' title='bbox 533 3821 567 3876; x_wconf 90' lang='lat' dir='ltr'>et</span> <span class='ocrx_word' id='word_1_232' title='bbox 585 3815 736 3877; x_wconf 90' lang='lat' dir='ltr'>Turnum</span> <span class='ocrx_word' id='word_1_233' title='bbox 754 3816 940 3896; x_wconf 90' lang='lat' dir='ltr'>fugientem</span> <span class='ocrx_word' id='word_1_234' title='bbox 957 3816 1039 3879; x_wconf 88' lang='lat' dir='ltr'>haec</span> <span class='ocrx_word' id='word_1_235' title='bbox 1054 3823 1141 3878; x_wconf 86' lang='lat' dir='ltr'>terra</span> <span class='ocrx_word' id='word_1_236' title='bbox 1156 3813 1302 3878; x_wconf 89' lang='lat' dir='ltr'>videbit?</span> 
     </span>
    </p>
   </div>
   <div class='ocr_carea' id='block_1_3' title="bbox 0 0 1413 4282">
    <p class='ocr_par' dir='ltr' id='par_1_15' title="bbox 0 0 1413 4282">
     <span class='ocr_line' id='line_1_35' title="bbox 0 0 1413 4282; baseline 0 0"><span class='ocrx_word' id='word_1_237' title='bbox 0 0 1413 4282; x_wconf 95' lang='lat' dir='ltr'> </span> 
     </span>
    </p>
   </div>
  </div>
 </body>
</html>
