2816 4282
336 854 378 926 P.
409 853 642 926 veumm
683 855 940 928 unuoms

442 1046 597 1138 AEN
610 1047 842 1143 EIDOS

385 1327 532 1390 LIBER
566 1327 892 1395 DUODECIMUS

176 1496 305 1560 Turnus
321 1506 360 1559 ut
375 1495 537 1560 infractos
554 1496 695 1559 adverso
713 1498 822 1560 Marte
841 1498 978 1562 Latinos

177 1599 465 1674 Delecisse'videt,
483 1620 543 1662 sua
560 1621 648 1664 nunc
664 1603 828 1682 promissa
844 1604 984 1684 reposci,

174 1704 216 1768 Se
231 1703 359 1786 signari
375 1704 490 1779 oculis,
508 1704 593 1768 ultro
610 1704 828 1788 implacabilis
844 1706 947 1782 ardet,

174 1809 372 1890 Attollitque
389 1809 528 1872 animos.
577 1809 762 1872 Poenorum
780 1810 886 1892 qualis
903 1812 936 1873 in
953 1814 1040 1874 arvis

112 1931 123 1982 5
172 1912 309 1977 Saucius
326 1912 382 1975 ille
401 1911 496 1993 gravi
511 1921 693 1976 venantum
711 1915 848 1977 vulnere
865 1925 981 1995 pectus

171 2017 259 2105 Tum
271 2017 407 2080 demum
424 2025 536 2079 movet
554 2035 646 2080 arma
662 2017 723 2093 leo,
741 2018 932 2100 gaudetque
949 2027 1118 2083 comantes

76 2199 79 2206 Ι
173 2121 352 2185 Excutiens
369 2122 497 2184 cervice
514 2130 613 2196 toros,
633 2121 801 2204 fixumque
817 2122 952 2186 latronis

172 2226 366 2308 impavidus
383 2225 508 2306 frangit
526 2225 637 2301 telum,
655 2235 689 2288 et
705 2226 817 2289 tremit
833 2247 890 2290 ore
907 2239 1063 2291 cruento:

172 2332 271 2394 Haud
288 2351 387 2394 secus
402 2349 544 2392 accenso
563 2329 672 2411 gliscit
688 2330 846 2394 violentia
862 2332 983 2395 Turno.

96 2452 122 2487 10
168 2437 251 2498 Tum
269 2435 316 2498 sie
333 2435 466 2498 adfatur
484 2456 606 2518 regem,
628 2446 728 2519 atque
743 2439 790 2501 ita
806 2436 957 2500 turbidus
973 2437 1064 2500 infit:

171 2540 302 2603 “Nulla
318 2559 412 2602 mora
427 2539 460 2602 in
473 2541 606 2617 Turno;
630 2541 712 2604 nihil
728 2550 789 2617 est,
803 2541 890 2624 quod
904 2541 993 2604 dicta
1008 2551 1187 2604 retractent

171 2644 290 2725 Ignavi
306 2643 498 2720 Aeneadae,
518 2663 590 2720 nec,
610 2665 695 2727 quae
713 2647 880 2727 pepigere,
899 2631 1061 2709 recusent.

170 2748 385 2830 Congredior.
434 2748 499 2811 Fer
516 2769 619 2825 sacra,
640 2760 744 2831 pater,
761 2759 794 2813 et
810 2750 948 2832 concipe
965 2750 1094 2813 foedus.

169 2853 239 2915 Aut
256 2853 319 2916 hac
338 2852 545 2916 Dardanium
567 2854 683 2916 dextra
699 2853 761 2917 sub
778 2855 919 2918 Tartara
935 2854 1072 2928 mittam,

93 2972 117 3024 Ι5
167 2957 381 3020 Desertorem
397 2957 510 3034 Asiae,
525 2958 717 3021 ——sedeant
734 2968 952 3040 spectentque
971 2958 1135 3022 Latini-

171 3062 213 3124 Et
229 3062 320 3124 solus
336 3061 425 3124 ferro
442 3063 567 3125 crimen
587 3082 763 3126 commune
780 3063 949 3138 refellam;

169 3166 240 3228 Aut
255 3165 378 3229 habeat
393 3165 506 3242 victos,
526 3167 622 3230 cedat
641 3167 780 3231 Lavinia
796 3167 970 3230 coniunx.'’

213 3271 280 3334 Olli
296 3269 412 3333 sedato
429 3271 601 3352 respondit
618 3271 717 3334 corde
736 3271 895 3334 Latinus:

171 3375 230 3438 “O
247 3383 424 3455 praestans
442 3374 543 3439 animi
559 3375 697 3451 iuvenis
715 3385 875 3458 quantum
893 3376 965 3458 ipse
982 3375 1084 3440 feroci

93 3495 119 3530 ²0
167 3479 297 3542 Virtute
315 3499 504 3560 exsuperas,
524 3488 617 3542 tanto
635 3500 686 3542 me
704 3479 888 3561 impensius
903 3498 1045 3562 aequum
1063 3489 1113 3544 est

168 3583 362 3658 Consulere,
380 3592 480 3666 atque
497 3603 613 3647 omnes
629 3593 832 3648 metuentem
851 3584 1039 3665 expendere
1056 3605 1162 3647 casus.

169 3689 255 3753 Sunt
271 3686 332 3750 tibi
350 3705 453 3769 regna
469 3686 574 3769 patris
593 3688 714 3763 Dauni,
733 3696 812 3751 sunt
828 3687 952 3768 oppida
968 3698 1068 3769 capta
1152 3742 1155 3750 ,

168 3793 278 3858 Multa
288 3811 408 3867 manu;
427 3811 568 3856 necnon
582 3811 765 3873 aurumque
775 3792 972 3872 animusque
986 3791 1106 3854 Latino
1119 3801 1185 3868 est;

616 3915 663 3966 3¹3
