2822 4294
192 227 236 292 40
557 221 714 273 VERGILI
742 222 940 274 AENEIDOS

193 413 239 478 285
283 399 425 464 Servitia
441 409 571 481 premet
587 420 626 463 ac
641 401 736 462 victis
753 399 976 462 dominabitur
992 400 1103 480 Argis.

283 505 449 567 Nascatur
465 505 603 586 pulchra
618 505 782 567 Troianus
799 504 926 585 origine
945 505 1076 580 Caesar,

282 610 464 691 Imperium
483 609 629 684 Oceano,
648 609 772 670 famam
790 619 846 696 qui
862 609 1016 671 terminet
1033 618 1137 683 astris

282 714 396 789 Iulius,
414 721 433 775 a
450 721 573 794 magna
589 713 769 775 demissum
788 722 910 775 nomen
929 713 1011 775 Iulo.

282 819 383 882 Hunc
400 826 436 880 tir
453 819 530 881 olim
548 819 649 894 caelo,
669 819 782 900 spoliis
800 818 946 881 Orientis
963 827 1127 892 onustum,

192 951 238 1000 290
280 923 437 1003 Accipias
454 930 571 985 sectira
581 944 588 999 ;
613 922 786 985 vocabitur
802 923 854 985 hic
872 941 1003 1005 quoque
1018 930 1111 985 votis.

280 1027 413 1108 Aspera
429 1036 499 1089 tum
517 1028 634 1107 positis
651 1035 825 1101 mitascent
841 1027 974 1089 saecula
989 1026 1102 1100 beliis;

281 1130 373 1193 Cana
391 1131 501 1206 Fides,
519 1141 552 1194 et
568 1133 682 1206 Vesta,
703 1133 809 1193 Remo
825 1151 899 1193 cum
917 1131 1020 1193 fratre
1039 1129 1205 1211 Quirinus,

281 1237 359 1298 Iura
377 1236 524 1311 dabunt;
550 1236 639 1298 dirae
656 1236 746 1298 ferri)
762 1245 795 1298 et
811 1233 1030 1316 compagibus
1048 1244 1126 1296 artis

280 1341 485 1403 Claudentur
504 1340 587 1402 Belli
604 1349 734 1420 portae3
762 1340 868 1401 Furor
885 1339 1006 1421 impius
1022 1339 1111 1401 intus

191 1471 237 1523 ²95
280 1445 388 1508 Saeva
406 1444 526 1505 sedans
544 1464 644 1524 super
660 1464 752 1505 arma
768 1454 801 1506 et
819 1455 951 1506 centum
970 1443 1100 1505 vinctus
1117 1449 1206 1504 aenis
1263 1516 1265 1520 ¹

204 1556 207 1560 ’
281 1550 357 1612 Post
374 1558 504 1628 tergum
523 1549 618 1610 nodis
635 1548 754 1610 fremet
772 1548 923 1610 horridus
941 1556 996 1610 ore
1013 1547 1181 1610 cruento.''

325 1654 420 1716 Haec
437 1652 491 1728 ait,
509 1662 542 1714 et
560 1653 651 1714 Maia
668 1653 816 1733 genitum
834 1652 976 1714 demittit
992 1651 1034 1713 ab
1051 1652 1126 1726 altri,

279 1759 327 1822 Ut
343 1762 461 1830 terrae,'
479 1767 581 1840 utque
597 1776 703 1818 novae
722 1766 858 1837 pateant
878 1755 1095 1836 Karthaginis
1112 1763 1203 1818 arcas

281 1861 439 1942 Hospitio
455 1863 602 1935 Teucris,
621 1867 664 1922 na
681 1862 741 1923 fati
757 1861 870 1922 nescia
884 1862 977 1923 Dido

191 1994 237 2043 300
281 1965 419 2028 Finibus
438 1973 573 2027 arceret.
620 1965 721 2028 Volat
737 1966 790 2026 iile
808 1985 867 2046 per
883 1973 960 2026 ae'ra
977 1973 1134 2045 magnum

281 2070 435 2150 Remigio
447 2053 587 2145 alarum,
606 2089 643 2132 ac
662 2069 789 2154 Libyae
805 2071 890 2132 citus
907 2069 1033 2132 adstitit
1049 2077 1122 2131 oris.

281 2175 406 2236 Etiam
426 2173 514 2235 iussa
531 2174 620 2247 facit,
639 2181 833 2256 ponuntque
851 2174 974 2236 ferocia
994 2175 1094 2236 Poeni

281 2279 390 2341 Corda
408 2278 541 2340 volente
558 2278 638 2353 deo;
663 2278 695 2339 in
714 2288 827 2359 primis
844 2285 959 2358 regina
975 2277 1120 2358 quietum

280 2381 415 2464 Accipit
431 2381 464 2443 in
482 2382 629 2444 Teucros
646 2382 793 2443 animum
811 2392 1023 2463 mentemque
1040 2380 1226 2462 benignam.

192 2617 238 2668 305
327 2591 375 2652 At
393 2592 467 2671 pius
484 2591 628 2665 Aeneas
648 2611 706 2671 per
723 2599 854 2652 noctem
871 2589 1014 2671 plurima
1029 2590 1174 2663 volvens

281 2696 328 2758 Ut
346 2703 489 2774 primum
507 2694 562 2755 lux
580 2694 666 2756 alma
683 2694 759 2756 data
776 2704 835 2767 est,
854 2703 942 2756 exire
960 2694 1115 2774 iocosque

283 2799 463 2879 Explorare
481 2805 593 2872 novas
612 2804 695 2879 quas
711 2805 811 2860 venta
830 2797 1006 2860 accesserit
1023 2805 1107 2872 oras,

281 2903 348 2985 Qui
364 2912 499 2964 teneant
515 2899 608 2982 (nam
626 2901 751 2964 inculta
766 2902 873 2983 videt)
891 2902 1085 2964 hominesne
1099 2902 1244 2974 feraene,

282 3007 451 3088 Quaerere
469 3006 648 3080 constituit,
667 3005 830 3088 sociisque
849 3014 964 3069 exacta
981 3007 1114 3068 referre.

194 3138 241 3187 310
282 3112 430 3174 Classem
449 3111 481 3172 in
500 3118 649 3172 convexo
665 3131 835 3173 nemorum
855 3111 915 3172 sub
933 3118 1015 3192 sirpe
1031 3117 1146 3174 cavata

282 3215 467 3277 Arboribus
485 3215 630 3277 clausam
645 3216 766 3276 circum
786 3224 885 3298 atque
903 3214 1113 3277 horrentibus
1130 3213 1254 3275 umbris

283 3318 431 3394 Occulit;
457 3320 529 3400 ipse
547 3326 613 3380 uno
629 3319 778 3399 graditur
794 3320 969 3382 comitatus
986 3320 1127 3393 Achata,

284 3424 367 3484 Bina
384 3429 484 3483 mana
503 3423 569 3485 iata
586 3430 735 3504 crispans
752 3425 883 3486 hastilia
900 3425 997 3486 ferro.

283 3526 344 3589 Cui
361 3533 466 3588 mater
482 3527 591 3588 media
608 3535 680 3589 sesa
697 3509 779 3591 tulit*
787 3528 885 3591 obvia
902 3530 992 3604 silva,

194 3657 241 3709 3¹5
282 3629 430 3710 Virginis
447 3637 484 3693 os
501 3631 716 3713 habitumque
734 3640 854 3712 gerens
871 3644 902 3695 et
918 3633 1056 3714 virginis
1072 3652 1173 3707 arma,

285 3734 480 3814 Spartanae,
498 3736 550 3798 vel
568 3736 674 3818 qualis
691 3744 793 3818 equos
810 3737 969 3799 Threissa
986 3738 1105 3818 fatigat
