2796 4282
234 329 293 392 144
589 319 745 372 VERGlLl
773 319 972 373 AENElDOS

361 499 427 562 Hic
444 499 586 581 primum
606 500 752 562 Fortuna
771 499 868 562 fidem
887 509 1014 562 mutata
1031 498 1177 562 novavit.

228 610 275 675 6ο5
317 604 406 666 Dum
424 605 522 667 variis
539 604 666 667 tumulo
683 604 831 667 referunt
850 603 1022 667 sollemnia
1040 603 1136 675 ludis

317 709 395 770 Irim
413 708 454 770 de
470 708 562 771 caelo
580 707 667 770 misit
684 708 841 772 Saturnia
860 709 944 770 luno

317 813 450 875 Iliacam
469 812 511 874 ad
527 813 678 888 classem,
695 822 881 895 ventosque
898 813 1045 894 adspirat
1061 815 1165 885 eunti,

316 916 424 980 Multa
441 937 587 991 movens,
605 916 747 979 necdum
766 918 938 999 antiquum
956 927 1104 980 saturata
1122 917 1278 980 dolorem.
1380 903 1381 984 l

316 1021 386 1096 Illa,
404 1020 491 1084 viam
509 1021 659 1084 celerans
676 1042 735 1103 per
752 1021 841 1085 mille
858 1021 1022 1085 coloribus
1039 1041 1177 1096 arcum,¹

227 1131 276 1180 610
317 1125 407 1188 Nulli
424 1125 494 1188 visa
511 1126 575 1188 cito
592 1126 736 1188 decurrit
752 1125 884 1188 tramite
900 1126 1003 1207 virgo.
1081 1197 1082 1200 Ἴ

314 1229 484 1311 Conspicit
502 1229 671 1311 ingentem
690 1250 898 1305 concursum,
916 1241 949 1293 et
965 1230 1060 1292 litora
1077 1230 1207 1306 lustrat,

317 1334 542 1416 Desertosque
559 1335 649 1397 videt
667 1345 782 1416 portus
799 1335 1006 1416 classemque
1022 1333 1185 1397 relictam.

315 1439 363 1502 At
380 1440 492 1521 procul
510 1439 543 1501 in
561 1438 631 1502 sola
649 1448 795 1502 secretae
811 1439 961 1502 Troades
978 1448 1052 1500 acta

314 1543 486 1606 Amissum
502 1543 674 1606 Anchisen
693 1542 826 1618 flebant,
845 1553 1051 1625 cunctaeque
1068 1543 1271 1624 profundum
1380 1533 1381 1572 l

226 1654 273 1720 615
315 1649 454 1710 Pontum
474 1647 692 1729 aspectabant
709 1647 837 1710 flentes
887 1648 964 1710 Heu
981 1656 1028 1709 tot
1045 1647 1132 1708 vada
1152 1648 1249 1709 fessis

315 1752 358 1814 Et
373 1760 502 1814 tantum
521 1771 697 1834 superesse
715 1751 832 1814 maris!
857 1772 920 1814 vox
937 1750 1092 1814 omnibus
1109 1772 1186 1813 una.

315 1856 441 1920 Urbem
459 1867 573 1932 orant;
598 1856 709 1919 taedet
726 1855 837 1938 pelagi
855 1855 1004 1937 perferre
1021 1854 1180 1918 laborem.

316 1961 406 2041 Ergo
422 1959 507 2022 inter
524 1961 650 2022 medias
668 1979 742 2022 sese
758 1960 847 2022 haud
864 1959 981 2042 ignara
997 1959 1141 2022 nocendi

314 2064 452 2137 Conicit,
471 2073 503 2127 et
522 2064 709 2145 faciemque
726 2064 808 2127 deae
825 2073 1019 2146 vestemque
1035 2063 1187 2144 reponit;

226 2173 275 2222 620
317 2167 371 2231 Fit
389 2170 503 2243 Beroe,
522 2167 646 2230 Tmarii
664 2167 807 2231 coniunx
824 2168 986 2249 longaeva
1005 2168 1153 2250 Dorycli,

314 2272 376 2337 Cui
392 2292 499 2353 genus
515 2282 547 2335 et
564 2273 732 2355 quondam
750 2292 871 2335 nomen
888 2273 1022 2354 natique
1039 2270 1203 2348 fuissent;

314 2376 367 2440 Ac
384 2377 430 2439 sic
449 2377 680 2439 Dardanidum
698 2376 839 2439 mediam
859 2397 894 2440 se
912 2375 1073 2438 matribus
1089 2375 1214 2438 infert:

315 2481 376 2546 “O
394 2481 542 2556 miserae,
561 2501 644 2563 quas
660 2501 726 2544 non
744 2501 864 2544 manus
878 2480 895 2506 ’'
913 2479 1019 2560 inquit
1037 2479 1221 2543 “Achaica
1236 2480 1315 2543 bello

313 2585 464 2649 Traxerit
481 2586 522 2648 ad
540 2587 642 2648 letum
660 2585 788 2668 patriae
804 2585 866 2648 sub
883 2584 1075 2648 moenibus!
1097 2584 1133 2666 Ο
1151 2605 1236 2666 gens

226 2696 273 2762 625
315 2689 446 2765 Infelix,
465 2689 516 2753 cui
533 2699 566 2752 te
583 2690 683 2753 exitio
701 2691 850 2753 Fortuna
866 2689 1038 2752 reservat?

315 2793 466 2875 Septima
483 2803 557 2875 post
574 2794 694 2857 Troiae
711 2795 873 2858 excidium
891 2793 956 2855 iam
972 2791 1110 2856 vertitur
1129 2803 1240 2856 aestas
1355 2801 1357 2807 '

315 2898 399 2962 Cum
416 2899 512 2974 freta,
530 2918 606 2962 cum
623 2908 728 2962 terras
745 2917 869 2973 omnes,
887 2907 937 2960 tot
951 2897 1119 2979 inhospita
1138 2917 1219 2960 saxa

315 3001 497 3085 Sideraque
514 3023 670 3067 emensae
688 3004 835 3079 ferimur,
854 3001 933 3064 dum
951 3021 1011 3082 per
1028 3021 1119 3064 mare
1137 3022 1292 3083 magnum

315 3107 446 3170 ltaliam
465 3109 633 3190 sequimur
651 3109 846 3190 fugientem,
864 3116 897 3170 et
913 3105 1076 3169 volvimur
1092 3106 1201 3169 undis.

227 3217 276 3280 ⁶30
316 3211 381 3274 Hic
401 3211 518 3296 Erycis
535 3212 617 3276 fines
635 3213 782 3288 fraterni,
800 3221 900 3294 atque
916 3211 1040 3293 hospes
1056 3210 1221 3273 Acestes:

315 3313 400 3396 Quis
416 3316 570 3397 prohibet
586 3337 698 3381 muros
714 3317 822 3380 iacere
838 3325 872 3380 et
888 3316 967 3378 dare
985 3315 1112 3377 civibus
1129 3314 1267 3377 urbem?

316 3419 346 3483 O
364 3421 471 3500 patria
487 3429 519 3483 et
536 3423 621 3501 rapti
638 3421 839 3504 nequiquam
858 3441 898 3483 ex
913 3420 1009 3482 hoste
1027 3419 1179 3493 Penates,

317 3523 460 3586 Nullane
477 3525 541 3587 iam
559 3526 679 3589 Troiae
697 3527 847 3589 dicentur
864 3524 1017 3588 moenia?
1041 3544 1207 3606 nusquam

317 3626 502 3689 Hectoreos
519 3648 642 3703 amnes,
658 3631 829 3692 Xanthum
847 3639 880 3692 et
894 3629 1074 3703 Simoenta,
1088 3628 1231 3692 videbo?

229 3732 276 3796 635
318 3727 407 3807 Quin
426 3728 514 3808 agite
529 3740 562 3792 et
579 3752 709 3795 mecum
725 3734 890 3796 infaustas
908 3732 1033 3795 exurite
1050 3752 1191 3813 puppes.

318 3827 405 3890 Nam
423 3831 502 3891 mihi
519 3833 726 3898 Cassandrae
744 3855 802 3917 per
820 3856 973 3898 somnum
989 3837 1073 3897 vatis
1090 3835 1202 3916 imago
