2796 4282
491 314 605 370 arnan
632 314 790 398 snmus·

82 523 124 578 3¹5
163 496 283 562 Navita
299 497 362 562 sed
378 497 487 582 tristis
503 517 592 561 nunc
609 499 671 560 hos
687 517 776 561 nunc
792 497 913 580 accipit
927 498 1011 574 illos,

163 604 227 667 Ast
238 603 320 666 alios
338 604 444 685 longe
461 601 631 686 submotos
647 611 738 665 arcet
755 602 888 665 harena.

205 710 399 771 Aeneas-
409 701 547 768 miratus
562 705 650 770 enim
667 716 844 788 motusque
859 707 1003 769 tumultu
1014 741 1059 753 -

165 818 183 844 “
195 813 257 876 Dic
268 813 286 838 ''
304 812 361 888 ait,
382 816 400 842 ‘⁴
412 831 432 872 o
448 809 550 890 virgo,
569 810 648 892 quid
663 810 734 872 vult
750 829 933 874 concursus
951 811 993 874 ad
1009 813 1165 875 amnem?

67 941 69 946 ¹
165 916 295 998 Quidve
312 922 436 998 petunt
452 914 605 977 animae?
628 914 682 976 vel
698 933 764 996 quo
780 913 969 978 discrimine
986 917 1074 996 ripas
1165 921 1167 925 ’

84 1047 125 1096 320
166 1022 238 1084 Hae
254 1019 423 1102 linquunt,
438 1019 514 1082 illae
531 1018 630 1081 remis
645 1018 731 1080 vada
748 1019 848 1081 livida
863 1030 1000 1082 verrunt
1012 1021 1050 1082 ?''

165 1125 229 1189 Olli
245 1125 294 1187 sic
309 1123 460 1208 breviter
475 1123 545 1185 iata
561 1131 613 1185 est
629 1123 793 1203 longaeva
810 1123 985 1186 sacerdos:

166 1229 348 1292 “Anchisa
365 1232 534 1308 generate,
551 1227 652 1317 deum
667 1227 852 1289 certissima
868 1228 987 1308 proles,

91 1339 92 1342 ’
164 1333 280 1416 Cocyti
296 1342 420 1412 stagna
436 1331 503 1392 alta
517 1329 611 1394 vides
628 1331 848 1414 Stygiamque
864 1331 1031 1412 paludem,

164 1437 207 1501 Di
221 1439 318 1500 cuius
333 1437 444 1498 iurare
459 1436 578 1498 timent
593 1445 628 1498 et
643 1435 761 1498 tallere
776 1456 910 1498 numen.

85 1566 125 1618 3²5
163 1542 258 1604 Haec
272 1541 394 1614 omnis,
406 1559 506 1621 quam
519 1541 638 1622 cernis,
648 1541 747 1620 inops
758 1539 995 1622 inhumataque
1007 1540 1104 1603 turba
1116 1549 1167 1603 est
1173 1561 1181 1618 ;

162 1645 306 1708 Portitor
322 1643 378 1708 ille
396 1644 530 1708 Charon
544 1665 551 1720 ;
576 1643 620 1719 hi,
638 1664 721 1725 quos
737 1643 829 1706 vehit
845 1641 944 1721 unda,
963 1645 1093 1726 sepulti.

163 1751 234 1812 Nec
251 1749 344 1830 ripas
361 1749 459 1810 datur
475 1748 659 1810 horrendas
675 1758 710 1811 et
724 1767 826 1810 rauca
842 1748 966 1811 fluenta

161 1855 409 1934 Transportare
426 1853 526 1942 prius
544 1871 644 1933 quam
662 1851 797 1915 sedibus
814 1871 891 1914 ossa
906 1851 1070 1934 quierunt.

163 1958 306 2022 Centum
331 1965 444 2019 errant
459 1959 565 2019 annos
580 1955 787 2038 volitantque
803 1956 887 2019 haec
903 1955 999 2019 litora
1015 1957 1156 2033 circum;

85 2087 125 2138 330
161 2063 248 2148 Tum
266 2060 400 2124 demum
419 2059 556 2124 admissi
572 2068 692 2141 stagna
708 2067 866 2142 exoptata
884 2061 1062 2123 revisunt.”

163 2165 322 2230 Constitit
338 2164 491 2226 Anchisa
506 2149 599 2226 satus
615 2173 648 2227 et
663 2164 806 2246 vestigia
822 2163 952 2246 pressit,

154 2269 274 2336 Multa
289 2278 422 2350 putans,
441 2277 632 2350 sortemque
647 2268 758 2330 animo
775 2270 950 2332 miseratus
965 2269 1123 2350 iniquam.

164 2374 279 2438 Cernit
294 2372 341 2434 ibi
356 2380 501 2434 maestos
517 2380 552 2434 et
567 2373 682 2435 mortis
699 2373 826 2436 honore
843 2381 994 2436 carentes

166 2477 368 2558 Leucaspim
384 2484 418 2538 et
436 2475 561 2560 Lyciae
577 2475 750 2540 ductorem
767 2476 882 2540 classis
900 2477 1062 2552 Oronten,

87 2606 125 2658 335
166 2582 261 2663 Quos
278 2579 376 2643 simul
392 2600 413 2641 a
429 2581 529 2642 Troia
544 2588 684 2642 ventosa
701 2600 761 2661 per
776 2599 923 2662 aequora
937 2590 1052 2644 vectos

166 2683 288 2749 Obruit
304 2684 439 2758 Auster,
457 2683 734 2766 aquainvolvens
750 2703 937 2765 navemque
953 2684 1116 2766 virosque.

209 2789 299 2850 Ecce
316 2787 520 2868 gubernator
536 2807 610 2850 sese
627 2787 802 2850 Palinurus
819 2788 951 2870 agebat,
1023 2777 1026 2782 ⁴

165 2892 232 2974 Qui
249 2891 378 2976 Libyco
395 2909 503 2972 nuper
517 2911 628 2967 cursu,
643 2893 724 2956 dum
741 2891 851 2956 sidera
866 2900 987 2967 servat,

166 2995 345 3059 Exciderat
361 2995 467 3076 puppi
483 2995 601 3059 mediis
617 2997 746 3058 effusus
763 2995 796 3058 in
814 2996 921 3058 undis.

87 3127 126 3176 340
166 3102 269 3162 Hunc
285 3099 341 3162 ubi
356 3100 412 3161 vix
428 3101 531 3162 multa
547 3110 712 3163 maestum
729 3100 886 3181 cognovit
901 3099 934 3161 in
951 3100 1076 3175 umbra,

145 3211 147 3219 '
166 3205 222 3270 Sic
239 3205 330 3286 prior
346 3203 554 3286 adloquitur:
580 3203 695 3285 “Quis
717 3214 759 3280 te,
779 3203 941 3279 Palinure,
959 3204 1097 3267 deorum

167 3308 299 3390 Eripuit
315 3307 421 3382 nobis,
438 3308 614 3390 medioque
632 3307 693 3392 suh
710 3327 855 3390 aequore
872 3308 1008 3371 mersit?

167 3413 229 3476 Dic
247 3432 319 3493 age.
369 3412 523 3494 Namque
541 3412 629 3488 mihi,
648 3411 751 3474 fallax
767 3412 856 3474 haud
874 3422 951 3474 ante
967 3422 1130 3502 repertus,

168 3517 243 3580 Hoc
260 3537 328 3579 uno
344 3535 507 3597 responso
524 3516 671 3578 animum
688 3516 809 3578 delusit
826 3515 960 3597 Apollo,

88 3647 127 3698 345
166 3621 233 3704 Qui
250 3622 324 3685 fore
339 3631 374 3683 te
390 3630 493 3701 ponto
509 3620 718 3694 incolumem,
737 3620 886 3700 finesque
903 3619 1045 3683 canebat

166 3727 356 3789 Venturum
373 3721 552 3786 Ausonios
602 3724 654 3786 En
672 3724 753 3785 haec
771 3725 934 3804 promissa
950 3723 1033 3787 fides
1049 3723 1122 3786 est?
1135 3724 1151 3747 '²

167 3830 229 3892 llle
246 3837 378 3892 autem:
404 3829 555 3908 “Neque
571 3835 604 3888 te
622 3825 748 3888 Phoebi
764 3826 891 3887 cortina
907 3826 1037 3899 fefellit,
