2796 4282
512 297 627 350 LIBER
653 299 824 366 QUINTUS
1157 305 1217 369 129

198 477 453 560 Sergestusque‚
472 478 590 540 domus
606 485 698 542 tenet
714 499 733 540 a
749 499 814 560 quo
833 479 950 559 Sergia
966 496 1097 551 nomen,

197 581 367 645 Centauro
384 581 552 645 invehitur
568 602 699 663 magna,
719 583 896 668 Scyllaque
913 582 1096 646 Cloanthus

196 687 369 762 Caerulea,
388 706 498 768 genus
514 687 602 750 unde
618 685 686 763 tibi,
707 688 857 750 Romane
875 685 1016 751 Cluenti.

241 791 302 853 Est
319 791 438 872 procul
454 791 487 853 in
504 791 624 872 pelago
642 811 757 854 saxum
775 790 965 872 spumantia
981 798 1096 853 contra

114 921 156 971 125
198 894 323 970 Litora,
341 896 431 977 quod
450 895 584 958 tumidis
602 915 821 958 summersum
839 893 989 958 tunditur
1008 895 1085 957 olim

198 999 383 1074 Fluctibus
402 999 531 1062 hiberni
548 999 697 1062 condunt
715 1000 771 1063 ubi
787 999 896 1063 sidera
914 999 1008 1074 Cori;

196 1104 393 1186 Tranquillo
411 1103 496 1179 silet,
514 1104 716 1186 immotaque
734 1104 894 1167 attollitur
909 1104 1000 1166 unda

199 1208 348 1290 Campus
365 1218 398 1271 et
414 1209 535 1290 apricis
552 1208 651 1271 statio
669 1209 857 1290 gratissima
874 1210 1005 1289 mergis.

201 1313 267 1376 Hic
283 1312 423 1375 viridem
441 1313 579 1376 Aeneas
596 1313 765 1376 frondenti
781 1333 820 1375 ex
836 1312 910 1376 ilice
933 1322 1054 1375 metam

115 1444 159 1494 130
200 1416 383 1479 Constituit
400 1419 531 1498 signum
550 1417 659 1480 nautis
675 1427 780 1499 pater,
799 1417 887 1479 unde
904 1417 1024 1480 reverti

199 1522 331 1585 Scirent
348 1531 381 1584 et
398 1523 515 1603 longos
532 1521 589 1585 ubi
606 1521 866 1585 circumflectere
884 1541 1008 1584 cursus.

198 1626 287 1689 Tum
303 1625 378 1688 loca
394 1635 483 1690 sorte
499 1626 625 1707 legunt,
643 1626 772 1708 ipsique
788 1627 822 1689 in
840 1626 1009 1708 puppibus
1027 1646 1108 1688 auro

200 1732 368 1793 Ductores
385 1731 484 1812 longe
500 1729 666 1812 effulgent
683 1741 839 1813 ostroque
857 1730 986 1804 decori;

198 1835 320 1897 Cetera
338 1835 482 1916 populea
498 1835 627 1897 velatur
643 1835 763 1898 fronde
780 1835 935 1898 iuventus

113 1959 157 2012 135
199 1939 423 2021 Nudatosque
441 1958 572 2002 umeros
589 1940 662 2002 oleo
680 1939 818 2021 perfusa
834 1938 974 2002 nitescit.

199 2043 390 2107 Considunt
406 2043 569 2119 transtris
589 2043 783 2125 intentaque
799 2042 955 2106 bracchia
971 2044 1088 2117 remis;

201 2148 328 2209 Intenti
346 2157 543 2228 exspectant
560 2149 703 2228 signum,
721 2146 987 2230 exsultantiaque
1004 2148 1114 2210 haurit

201 2253 313 2315 Corda
330 2271 434 2332 pavor
451 2251 589 2334 pulsans
606 2252 808 2334 laudumque
824 2234 952 2314 arrecta
967 2252 1098 2334 cupido
1196 2267 1199 2272 '

248 2355 342 2428 Inde,
361 2355 417 2418 ubi
434 2355 524 2419 clara
541 2357 632 2419 dedit
650 2355 793 2418 sonitum
812 2356 901 2432 tuba,
921 2356 1041 2419 finibus
1058 2375 1183 2430 omnes,

113 2480 161 2528 140
204 2459 308 2522 Haud
326 2480 426 2535 mora,
445 2460 627 2540 prosiluere
645 2459 731 2538 suis;
757 2460 834 2523 ferit
851 2461 986 2524 aethera
1002 2461 1126 2523 clamor

204 2563 378 2640 Nauticus
396 2564 548 2627 adductis
565 2574 723 2646 spumant
740 2564 827 2627 freta
843 2584 938 2628 versa
955 2565 1096 2627 lacertis

205 2667 379 2730 Infindunt
396 2669 519 2750 pariter
536 2669 655 2744 sulcos
673 2678 847 2750 totumque
864 2667 1003 2731 dehiscit

204 2772 411 2835 Convulsum
428 2773 526 2836 remis
543 2774 724 2855 rostrisque
740 2771 940 2836 tridentibus
956 2793 1088 2855 aequor.

205 2877 283 2938 Non
300 2886 368 2938 tam
386 2877 586 2960 praecipites
603 2877 717 2959 biiugo
735 2877 913 2940 certamine
931 2897 1085 2958 campum

116 3000 162 3052 ¹45
205 2981 403 3062 Corripuere
420 2991 586 3064 ruuntque
603 2981 704 3047 effusi
720 3000 852 3044 carcere
869 3000 994 3056 currus,

207 3085 279 3148 Nec
297 3084 343 3148 sic
359 3085 515 3149 immissis
531 3086 666 3168 aurigae
682 3084 843 3148 undantia
859 3085 928 3147 lora

206 3189 415 3254 Concussere
431 3189 517 3273 iugis
534 3191 696 3273 pronique
713 3191 746 3253 in
763 3191 902 3253 verbera
919 3190 1075 3272 pendent.

206 3294 292 3355 Tum
312 3294 431 3375 plausu
449 3295 651 3376 fremituque
667 3294 773 3358 virum
792 3295 975 3377 studiisque
991 3295 1164 3358 faventum

207 3398 379 3461 Consonat
396 3419 493 3462 omne
511 3419 638 3474 nemus,
656 3419 839 3481 vocemque
856 3399 985 3462 inclusa
1000 3398 1150 3461 volutant

118 3523 166 3575 150
208 3501 331 3579 Litora,
350 3503 472 3584 pulsati
489 3504 590 3566 colles
606 3504 750 3566 clamore
767 3503 937 3566 resultant.

253 3607 383 3688 Effugit
399 3618 476 3671 ante
493 3607 575 3670 alios
592 3608 772 3690 primisque
789 3607 930 3670 elabitur
946 3608 1044 3670 undis

207 3710 356 3774 Turbam
379 3712 466 3775 inter
489 3713 725 3794 fremitumque
750 3713 859 3796 Gyas;
884 3731 983 3794 quem
1007 3710 1128 3774 deinde
1153 3710 1224 3774 Clo·

296 3817 418 3880 anthus

295 3927 411 3974 rnrsza’s
428 3939 593 3987 annaio-9
