2816 4282
466 311 584 368 Lmen
610 313 842 370 uunacmus
1139 321 1201 386 293

93 497 136 564 285
175 493 211 558 Si
225 493 292 558 duo
309 502 493 576 praeterea
508 492 593 557 tales
611 493 713 556 Idaea
730 493 860 559 tulisset

175 599 280 661 Terra
295 599 400 674 viros
418 597 508 661 ultro
526 597 680 662 inachias
696 599 844 663 venisset
860 600 902 664 ad
920 601 1018 664 urbes

178 702 372 778 Dardanus,
390 711 425 765 et
440 701 547 765 versis
563 701 692 783 lugeret
708 702 848 767 Graecia
863 703 951 766 fatis.

177 806 351 888 Quidquid
370 806 461 887 apud
479 806 580 870 durae
597 816 763 870 cessatum
781 818 832 872 est
848 810 979 872 moenia
995 810 1124 886 Troiae,

178 910 337 974 Hectoris
354 911 543 992 Aeaeaque
559 929 660 973 manu
676 910 812 974 victoria
829 911 965 976 Graium

94 1033 139 1080 290
177 1014 298 1078 Haesit
315 1024 349 1077 et
365 1016 400 1076 in
417 1014 582 1078 decimum
599 1015 740 1096 vestigia
757 1016 882 1080 rettulit
898 1037 1031 1080 annum.

177 1118 290 1183 Ambo
307 1120 438 1194 animis,
457 1120 556 1182 ambo
571 1119 721 1200 insignes
738 1121 982 1201 praestantibus
998 1123 1116 1198 armis3

180 1224 244 1286 Hic
261 1223 388 1305 pietate
405 1225 504 1305 prior.
553 1224 680 1287 Coeant
695 1225 729 1286 in
746 1223 883 1288 foedera
899 1225 1043 1301 dextrae,

179 1327 253 1409 Qua
270 1327 389 1404 datur3
415 1336 468 1390 ast
484 1329 584 1390 armis
601 1337 801 1391 concurrant
818 1349 911 1392 arma
926 1332 1060 1394 cavete’

180 1431 222 1494 Et
238 1452 403 1513 responsa
420 1431 518 1494 simul
534 1452 619 1514 quae
637 1433 710 1506 sint,
728 1451 786 1496 rex
802 1432 936 1514 optime,
955 1434 1042 1514 regis

97 1553 139 1606 295
178 1536 320 1611 Audisti,
337 1546 372 1598 et
388 1521 476 1617 q'uae
493 1537 535 1598 sit
551 1555 674 1618 magno
691 1538 855 1600 sententia
871 1537 990 1602 bello.''

219 1641 283 1704 Vix
300 1661 341 1703 ea
357 1640 479 1722 legati;
504 1640 682 1723 variusque
699 1661 759 1721 per
775 1661 832 1704 ora
848 1642 992 1705 cucurrit

178 1744 390 1807 Ausonidum
406 1743 539 1806 turbata
554 1745 698 1808 fremor:
722 1763 783 1808 ceu
800 1765 878 1808 saxa
895 1756 1065 1810 morantur

179 1848 261 1912 Cum
278 1848 416 1928 rapidos
432 1865 557 1924 amnes,
574 1849 611 1911 fit
627 1849 741 1912 clauso
757 1851 889 1930 gurgite
906 1869 1062 1925 murmur,

178 1953 385 2034 Vicinaeque
402 1952 550 2015 fremunt
567 1953 659 2034 ripae
675 1952 915 2034 crepitantibus
930 1953 1035 2016 undis.

101 2072 145 2122 30⁰
219 2057 267 2120 Ut
285 2056 429 2137 primum
449 2055 571 2136 placati
587 2056 698 2132 animi,
715 2067 750 2120 et
765 2057 896 2139 trepida
912 2077 969 2120 ora
985 2058 1149 2139 quierunt,

179 2160 354 2222 Praefatus
371 2160 466 2222 divos
482 2159 564 2225 solio
581 2181 637 2223 rex
651 2159 725 2224 infit
741 2161 783 2224 ab
799 2162 885 2225 alto:

220 2264 343 2327 “Ante
359 2264 513 2346 equidem
530 2263 718 2328 summa'de
735 2285 770 2329 re
786 2267 950 2342 statuisse,
970 2268 1090 2343 Latini,

177 2369 221 2432 Et
236 2369 367 2443 vellem,
385 2378 418 2431 et
435 2370 545 2433 fuerat
562 2369 697 2445 melius;
722 2389 788 2434 non
806 2380 957 2452 tempore
973 2372 1031 2434 tali
1110 2401 1114 2410 ν

177 2473 307 2554 Cogere
323 2473 509 2550 concilium,
527 2495 602 2538 cum
620 2495 732 2538 muros
749 2473 879 2538 adsidet
894 2475 1008 2539 hostis.

101 2592 141 2646 305
177 2577 306 2640 Bellum
323 2578 560 2658 importunum,
578 2577 676 2654 cives,
694 2599 769 2641 cum
787 2589 886 2658 gente
903 2579 1040 2642 deorum

177 2680 383 2763 invictisque
398 2680 477 2744 viris
494 2681 648 2764 gerimus,
668 2703 750 2765 quos
766 2683 859 2745 nulla
874 2684 1019 2764 fatigant

178 2785 314 2861 Proelia,
332 2805 395 2848 nec
410 2786 488 2849 victi
505 2797 645 2868 possunt
661 2787 821 2850 absistere
839 2787 936 2850 ferro.

178 2889 279 2971 Spem
297 2889 440 2971 siquam
459 2891 593 2954 adscitis
611 2891 769 2954 Aetolum
787 2890 950 2954 habuistis
966 2891 999 2954 in
1016 2891 1124 2966 armis,

179 2994 302 3057 Ponite.
347 2993 433 3076 Spes
457 2995 519 3058 sibi
543 2995 700 3077 quisque;
730 2995 788 3066 sed
814 2995 895 3058 haec
917 3015 1015 3077 quam
1038 3005 1189 3076 angusta,

262 3098 391 3161 videtis

103 3217 143 3268 310
177 3202 296 3267 Cetera
312 3223 378 3285 qua
394 3224 504 3266 rerum
520 3203 650 3268 iaceant
666 3204 819 3286 perculsa
835 3205 939 3280 ruina,

178 3307 268 3370 Ante
285 3308 399 3371 oculos
414 3309 566 3390 interque
583 3329 700 3371 manus
717 3318 794 3372 sunt
810 3309 921 3372 omnia
936 3318 1071 3372 vestras.

180 3411 250 3475 Nec
267 3431 469 3495 quemquam
486 3412 620 3475 incuso:
646 3413 752 3494 potuit
769 3433 854 3495 quae
872 3413 1013 3494 plurima
1029 3413 1133 3478 virtus

180 3515 271 3593 Esse,
289 3516 372 3591 fuit3
396 3526 467 3579 toto
483 3526 645 3580 certatum
662 3526 712 3580 est
728 3535 867 3598 corpore
883 3517 987 3599 regni.

181 3621 278 3685 Nunc
295 3621 387 3696 adeo,
405 3641 491 3703 quae
509 3621 550 3683 sit
567 3620 686 3683 dubiae
703 3619 870 3684 sententia
886 3621 997 3696 menti,

104 3739 143 3793 315
179 3723 361 3807 Expediam
379 3734 412 3787 et
429 3723 735 3805 paucis-animos
752 3724 962 3788 adhibete-
974 3726 1115 3802 docebo.¹

221 3835 239 3862 ‘⁴
251 3829 314 3891 Est
330 3827 486 3910 antiquus
503 3847 583 3908 ager
598 3829 710 3892 Tusco
727 3827 807 3888 mihi
824 3828 992 3908 proximus
1009 3828 1107 3904 amni,
