2816 4282
465 275 580 327 risen
605 247 864 328 ououncru'us

198 458 361 526 Arrexere
378 457 509 518 animos
528 456 613 531 Itali,
630 463 836 536 cunctaeque
852 453 1003 518 volucres

200 563 406 626 Convertunt
423 560 567 623 clamore
584 560 700 640 fugam
711 595 753 604 —-
764 558 913 621 mirabile
929 558 1002 621 visu
1013 597 1056 606 -

200 666 413 746 Aetheraque
430 664 610 726 obscurant
627 662 755 744 pennis,
774 663 970 744 hostemque
987 683 1046 745 per
1062 685 1160 728 auras

202 771 299 834 Facta
316 769 407 832 nube
425 778 592 850 premunt,
610 767 716 830 donec
734 767 766 829 vi
783 767 889 830 victus
906 777 940 829 et
955 768 1029 850 ipso

127 899 164 950 255
201 875 347 939 Pondere
364 873 499 947 defecit,
517 872 741 953 praedamque
758 892 798 934 ex
815 873 983 953 unguibus
999 875 1068 937 ales

200 979 335 1042 Proiecit
352 977 463 1052 fluvi0,
483 978 681 1059 penitusque
697 977 729 1039 in
747 976 859 1039 nubila
876 978 972 1059 fugit.

240 1085 326 1146 Tum
343 1103 423 1146 vero
440 1081 616 1163 augurium
636 1082 750 1144 Rutuli
767 1082 909 1144 clamore
931 1083 1085 1158 salutant,

202 1188 456 1269 Expediuntque
474 1206 610 1261 manus;
634 1187 827 1268 primusque
844 1187 1041 1250 Tolumnius
1057 1207 1163 1268 augur

202 1292 304 1355 “Hoc
322 1300 403 1366 erat,
421 1292 496 1364 hoc,
513 1291 598 1353 votis
610 1290 627 1315 ’'
644 1289 751 1371 inquit
769 1291 886 1371 “quod
904 1311 1005 1372 saepe
1021 1291 1122 1373 petivi
1137 1314 1143 1366 ;

123 1406 165 1453 260
200 1395 348 1477 Accipio,
366 1391 603 1476 adgnoscoque
620 1394 721 1468 de0s;
746 1413 808 1470 me,
827 1415 880 1457 me
896 1395 980 1460 duce
998 1396 1122 1459 ferrum

201 1499 372 1580 Corripite,
390 1520 411 1561 o
427 1499 548 1574 miseri,
566 1519 648 1580 quos
665 1498 836 1580 improbus
853 1500 983 1562 advena
999 1499 1086 1563 bello

200 1605 350 1678 Territat,
368 1601 533 1666 invalidas
549 1612 585 1665 ut
601 1622 690 1677 aves,
708 1612 741 1664 et
758 1602 853 1665 litora
869 1612 979 1666 vestra

198 1709 240 1772 Vi
256 1708 416 1790 populat:
441 1717 532 1788 petet
548 1707 601 1769 ille
619 1707 746 1788 fugam,
764 1709 964 1789 penitusque
981 1708 1148 1790 profundo

198 1813 281 1875 Vela
298 1812 398 1875 dabit.
446 1813 518 1874 Vos
534 1811 681 1874 unanimi
698 1811 835 1874 densete
852 1821 1012 1888 catervas,

119 1927 161 1990 265
201 1917 243 1978 Et
259 1937 373 1998 regem
389 1916 485 1978 vobis
501 1935 615 1997 pugna
631 1915 801 1978 defendite
818 1917 983 1997 raptum.”

243 2021 343 2096 Dixit,
361 2030 394 2083 et
410 2019 568 2083 adversos
584 2020 685 2082 telum
703 2019 863 2082 contorsit
879 2021 912 2081 in
930 2020 1043 2084 hostes

200 2125 418 2200 Procurrens;
444 2123 587 2186 sonitum
605 2123 661 2185 dat
679 2117 817 2186 stridula
834 2143 964 2199 cornus
982 2135 1015 2186 et
1032 2145 1130 2188 auras

173 2295 176 2302 ,
198 2228 299 2291 Certa
315 2238 416 2291 secat.
458 2227 562 2290 Simul
578 2229 650 2302 hoc,
664 2227 760 2290 simul
775 2227 895 2308 ingens
909 2228 1041 2305 clamor,
1056 2240 1089 2292 et
1102 2249 1217 2292 omnes

197 2331 337 2394 Turbati
352 2333 459 2406 cunei,
478 2331 706 2413 calefactaque
723 2333 823 2394 corda
843 2333 996 2395 tumultu.

116 2458 160 2509 270
198 2437 308 2499 Hasta
323 2436 451 2510 volans
469 2446 506 2498 ut
521 2436 607 2498 forte
624 2454 741 2499 novem
761 2437 983 2518 pulcherrima
999 2437 1139 2501 fratrum
1252 2447 1255 2453 '

198 2541 348 2621 Corpora
364 2540 581 2604 constiterant
597 2550 720 2614 contra,
739 2560 822 2622 quos
839 2540 905 2602 fida
922 2552 1050 2605 crearat

199 2645 278 2708 Una
290 2653 340 2707 tot
355 2643 502 2706 Arcadio
518 2645 661 2707 coniunx
678 2639 853 2728 Tyrrhena
871 2629 1026 2729 Gylippo,

200 2750 329 2811 Horum
348 2768 451 2810 unum
468 2749 510 2810 ad
527 2748 681 2823 medium,
698 2749 815 2818 teritur
831 2769 896 2831 qua
912 2751 1017 2813 sutilis
1034 2751 1109 2814 alvo

201 2853 335 2916 Balteus
351 2864 385 2916 et
401 2853 541 2914 laterum
557 2852 726 2916 iuncturas
743 2853 843 2916 fibula
860 2853 997 2928 mordet,
1073 2842 1080 2854 ⁶

115 2979 159 3031 275
202 2957 380 3038 Egregium
396 2957 505 3020 forma
521 2957 674 3020 iuvenem
691 2967 724 3020 et
740 2957 948 3038 fulgentibus
965 2959 1074 3035 armis

185 3052 413 3142 ¹Transadigit
429 3072 548 3135 costas,
566 3061 724 3142 fulvaque
740 3062 884 3124 effundit
908 3061 1041 3125 harena.

199 3164 247 3226 At
262 3165 392 3242 fratres,
410 3164 559 3228 animosa
575 3165 720 3246 phalanx
737 3186 944 3248 accensaque
964 3165 1062 3241 luctu,
1170 3181 1172 3186 ’

201 3269 279 3330 Pars
295 3269 425 3350 gladios
442 3267 611 3350 stringunt
627 3269 788 3346 manibus
809 3289 886 3352 pars
904 3270 1027 3334 missile
1046 3271 1170 3334 ferrum

200 3373 399 3456 Corripiunt,
418 3374 572 3456 caecique
588 3384 696 3437 ruunt.
745 3375 839 3457 Quos
856 3377 991 3456 agmina
1007 3385 1122 3438 contra

118 3486 163 3535 280
201 3478 400 3542 Procurrunt
419 3480 621 3544 Laurentum
636 3503 643 3557 ;
668 3481 744 3545 hinc
761 3481 856 3544 densi
873 3501 988 3545 rursus
1004 3482 1168 3545 inundant

200 3584 303 3646 Troes
319 3583 537 3668 Agyllinique
552 3594 585 3648 et
602 3585 698 3666 pictis
715 3585 865 3649 Arcades
882 3587 991 3648 armis.

202 3687 255 3751 Sic
272 3708 386 3752 omnes
402 3707 495 3750 amor
508 3707 593 3751 unus
610 3689 710 3752 habet
726 3689 904 3752 decernere
922 3691 1018 3754 ferro.

246 3791 420 3873 Diripuere
437 3812 530 3866 aras;
555 3792 578 3855 it
594 3801 664 3855 toto
680 3792 811 3855 turbida
828 3793 921 3856 caelo

276 3905 394 3952 rnruzrs’s
405 3915 509 3952 Annum
517 3929 547 3939 -
558 3917 585 3952 21
