2816 4282
202 322 266 382 286

216 829 248 876 60

214 1349 244 1414 ⁶5

561 325 718 378 VERGILI
745 326 945 378 AENElDOS

289 504 432 586 Optabis
449 514 528 568 nato
544 505 647 568 funus
664 515 768 587 pater.
817 505 858 567 Ei
874 505 963 580 mihi,
981 515 1145 587 quantum

289 609 491 671 Praesidium
509 609 661 671 Ausonia
678 620 711 673 et
729 618 889 691 quantum
905 619 941 673 tu
958 610 1080 691 perdis,
1101 610 1173 673 lule
1185 610 1191 673 l
1204 609 1221 636 ”

333 713 429 775 Haec
446 712 502 774 ubi
518 713 659 788 deflevit,
678 713 748 775 tolli
765 712 952 776 miserabile
969 734 1090 795 corpus

289 819 445 898 Imperat,
464 827 497 880 et
513 827 583 879 toto
599 817 703 880 lectos
720 837 760 880 ex
776 817 909 898 agmine
926 817 1025 880 mittit

289 921 381 984 Mille
398 921 494 996 viroS,
514 922 569 1003 qui
586 942 778 1003 supremum
798 923 995 984 comitentur
1011 922 1183 998 honorem,

288 1025 513 1107 Intersintque
530 1026 633 1107 patris
650 1025 802 1101 lacrimis,
821 1026 943 1088 solacia
960 1028 1067 1089 luctus

288 1129 419 1211 Exigua
434 1131 588 1210 ingentis,
607 1130 727 1192 misero
744 1131 803 1192 sed
820 1130 932 1193 debita
949 1130 1043 1210 patri.

288 1234 389 1296 Haud
407 1216 529 1315 segnes
546 1234 600 1296 alii
617 1244 725 1298 crates
742 1245 775 1297 et
792 1236 891 1298 molle
907 1236 1067 1297 feretrum

285 1338 445 1401 Arbuteis
462 1348 578 1401 texunt
594 1338 697 1420 virgis
714 1349 747 1402 et
762 1339 885 1402 vimine
908 1359 1044 1421 quern0,

287 1443 548 1524 Exstructosque
564 1452 654 1505 toros
671 1443 808 1506 obtentu
826 1443 955 1506 frondis
973 1443 1177 1506 inumbrant.

287 1547 353 1610 Hic
369 1547 522 1609 iuvenem
539 1549 664 1628 agresti
681 1547 855 1610 sublimem
873 1547 1031 1610 stramine
1047 1558 1199 1629 ponunt:

206 1650 207 1654 ’
286 1651 428 1733 Qualem
445 1649 595 1732 virgineo
613 1651 803 1714 demessum
823 1652 942 1733 pollice
958 1652 1071 1714 florem

215 1883 246 1934 70

213 2403 242 2454 75

211 2912 243 2962 80

210 3433 240 3499 85

286 1756 353 1818 Seu
370 1755 477 1817 mollis
490 1757 609 1840 ¹violae,
628 1776 687 1818 seu
704 1755 894 1837 languentis
911 1754 1090 1840 hyacinthi,

286 1860 348 1923 Cui
364 1879 473 1941 neque
490 1859 602 1941 fulgor
619 1860 736 1936 adhuc,
755 1881 817 1923 nec
835 1861 913 1922 dum
931 1881 991 1923 sua
1006 1861 1114 1922 forma
1132 1861 1270 1924 recessit

286 1965 363 2026 Non
381 1963 445 2026 iam
463 1973 567 2026 mater
584 1963 642 2026 alit
658 1964 765 2039 telluS,
784 1964 938 2046 viresque
954 1964 1128 2027 ministrat.

328 2068 415 2130 Tum
432 2067 583 2148 geminas
600 2078 710 2130 vestes
727 2088 873 2150 auroque
891 2079 1047 2150 ostroque
1064 2069 1213 2148 rigentes

286 2172 412 2235 Extulit
428 2173 574 2246 Aeneas,
594 2191 676 2255 quas
693 2171 740 2234 illi
757 2173 845 2235 laeta
862 2173 1011 2236 laborum

285 2277 365 2358 Ipsa
382 2277 449 2339 suis
466 2276 633 2358 quondam
651 2276 804 2339 manibus
823 2275 961 2340 Sidonia
979 2275 1068 2339 Dido

285 2382 434 2455 Fecerat,
454 2390 486 2442 et
503 2380 595 2442 tenui
612 2381 696 2443 telas
714 2381 917 2444 discreverat
935 2401 1024 2444 auru.

286 2485 415 2547 Harum
433 2505 532 2547 unam
549 2484 660 2547 iuveni
678 2505 870 2565 supremum
888 2495 1035 2548 maestus
1053 2486 1216 2548 honorem

285 2588 406 2664 Induit,
424 2609 622 2670 arsurasque
640 2609 753 2652 comas
771 2589 908 2652 obnubit
925 2590 1047 2653 amictu
1062 2610 1068 2664 ;

285 2694 459 2775 Multaque
477 2703 650 2774 praeterea
669 2694 847 2756 Laurentis
864 2694 1012 2775 praemia
1028 2714 1162 2775 pugnae

282 2799 444 2879 Aggerat‚
464 2808 497 2860 et
513 2798 614 2878 longo
632 2798 790 2880 praedam
808 2798 899 2860 iubet
917 2799 1031 2861 ordine
1048 2798 1131 2861 duci.

282 2901 389 2965 Addit
405 2922 508 2984 equos
526 2911 560 2964 et
576 2902 652 2978 tela,
671 2902 790 2984 quibus
809 2903 1007 2984 spoliaverat
1025 2904 1164 2965 hostem.
1266 2987 1268 2991 ,

281 3006 443 3071 Vinxerat
458 3015 491 3068 et
508 3015 583 3089 post
599 3017 693 3088 terga
710 3027 838 3082 manus,
857 3027 939 3089 quos
956 3005 1100 3070 mitteret
1116 3007 1243 3070 umbris

283 3110 435 3186 Inferias
454 3131 551 3174 caeso
569 3132 746 3193 sparsurus
765 3112 928 3193 sanguine
944 3111 1113 3186 flammas;

283 3215 488 3297 lndutosque
504 3216 595 3278 iubet
611 3225 747 3280 truncos
766 3215 940 3279 hostilibus
956 3217 1056 3277 armis

282 3320 380 3400 Ipsos
397 3319 484 3382 terre
501 3319 612 3395 duces,
631 3320 829 3402 inimicaque
847 3320 981 3384 nomina
997 3306 1062 3400 figi.

284 3422 425 3485 Ducitur
442 3423 557 3487 infelix
574 3444 655 3487 aevo
672 3425 847 3487 confectus
863 3425 1019 3499 Acoetes,

282 3527 420 3589 Pectora
436 3548 525 3590 nunc
542 3529 683 3590 foedans
700 3528 831 3610 pugnis,
849 3548 938 3590 nunc
955 3526 1123 3609 unguibus
1137 3547 1214 3603 ora;

282 3630 455 3704 Sternitur,
474 3642 507 3692 et
523 3640 592 3693 toto
611 3631 778 3713 proiectus
795 3651 932 3712 corpore
948 3641 1064 3695 terrae.

283 3734 419 3795 Ducunt
436 3743 470 3794 et
488 3734 612 3796 Rutulo
629 3735 784 3814 perfusos
801 3737 964 3816 sanguine
981 3755 1104 3798 currus.

283 3837 360 3897 Post
376 3835 515 3897 bellator
531 3856 646 3917 equus,
664 3837 781 3918 positis
797 3838 992 3920 insignibus,
1009 3840 1157 3916 Aethon,
