2800 4286
454 302 570 358 LIBER
598 301 792 360 SEPTIMUS

152 486 270 550 Ardua
285 496 381 550 tecta
397 487 483 568 petit
500 484 629 560 stabuli,
647 485 738 548 etde
755 484 898 548 culmine
918 505 1048 550 summo

154 592 325 654 Pastorale
342 591 435 654 canit
452 590 594 671 signum,
612 609 782 671 comuque
799 609 936 654 recurvo

152 697 352 758 Tartaream
369 693 516 758 intendit
531 713 655 767 vocem,
674 714 739 775 qua
755 693 907 774 protinus
923 714 1022 758 omne

73 823 113 876 5¹5
153 800 369 864 Contremuit
385 818 504 862 nemus
520 807 554 861 et
570 797 672 860 silvae
689 798 865 862 insonuere
882 799 1089 879 profundam

154 904 273 967 Audiit
289 913 325 967 et
341 901 477 966 Triviae
494 902 593 983 longe
610 901 719 978 lacus;
744 902 847 965 audiit
863 905 970 966 amnis

155 1010 348 1091 Sulphurea
366 1008 439 1070 Nar
455 1006 551 1069 albus
567 1026 655 1088 aqua
670 1006 849 1089 fontesque
864 1008 985 1083 Velini,

155 1115 199 1178 Et
214 1113 370 1196 trepidae
386 1121 512 1174 matres
529 1130 681 1194 pressere
697 1110 740 1173 ad
757 1121 894 1193 pectora
909 1122 1015 1176 natos.

197 1219 287 1281 Tum
304 1237 385 1281 vero
402 1216 445 1278 ad
460 1234 576 1278 vocem
595 1215 729 1292 celeres,
748 1237 814 1298 qua
829 1216 950 1280 bucina
967 1218 1099 1298 signum

78 1347 120 1399 520
157 1323 239 1386 Dira
256 1323 360 1398 dedit,
377 1323 483 1402 raptis
500 1330 701 1383 concurrunt
716 1320 861 1403 undique
877 1321 951 1384 telis

157 1427 318 1491 indomiti
334 1427 520 1508 agricolae;
545 1447 607 1491 nec
624 1447 691 1490 non
709 1436 742 1490 et
757 1427 859 1490 Trola
875 1426 981 1508 pubes

155 1532 307 1596 Ascanio
324 1531 482 1593 auxilium
499 1533 616 1594 castris
632 1530 777 1594 effundit
792 1532 924 1613 apertis.

157 1637 328 1700 Derexere
344 1635 442 1699 acies.
491 1635 568 1698 Non
585 1637 650 1697 iam
668 1634 848 1698 certamine
865 1636 997 1716 agresti,

156 1741 335 1821 Stipitibus
351 1740 443 1802 duris
461 1741 571 1821 agitur
587 1740 767 1802 sudibusve
783 1738 957 1820 praeustis,

77 1867 119 1921 5²5
157 1845 223 1909 Sed
239 1845 333 1908 ierro
349 1843 486 1927 ancipiti
503 1844 697 1919 decernunt,
715 1853 851 1926 atraque
868 1845 933 1907 late

157 1949 335 2012 Horrescit
350 1949 473 2012 strictis
490 1969 588 2029 seges
604 1948 748 2024 ensibuS,
766 1968 909 2029 aeraque
926 1948 1058 2029 fulgent

156 2054 234 2118 Sole
251 2053 415 2129 lacessita,
433 2062 467 2116 et
483 2053 591 2116 lucem
607 2052 669 2115 sub
685 2051 799 2114 nubila
815 2051 957 2116 iactant:

158 2158 296 2220 Fluctus
312 2157 360 2220 uti
376 2158 484 2238 primo
501 2156 610 2239 coepit
627 2177 702 2219 cum
720 2157 889 2220 albescere
904 2166 1006 2220 vento

158 2263 320 2325 Paulatim
338 2281 411 2324 sese
428 2261 513 2325 tollit
529 2281 620 2324 mare
636 2271 670 2324 et
686 2261 784 2325 altius
800 2261 907 2324 undas

80 2389 121 2441 530
159 2367 276 2447 Erigit,
293 2366 370 2429 inde
387 2365 454 2429 imo
470 2366 641 2447 consurgit
657 2367 699 2428 ad
716 2366 852 2428 aethera
868 2366 983 2428 fundo.

159 2471 223 2533 Hic
240 2470 371 2534 iuvenis
387 2471 528 2552 primam
546 2479 624 2533 ante
641 2471 745 2534 aciem
762 2470 922 2533 stridente
939 2471 1069 2552 sagitta,

159 2575 323 2638 Natorum
340 2575 483 2659 Tyrrhei
499 2576 610 2638 fuerat
626 2577 683 2657 qui
698 2575 870 2649 maximus,
889 2575 999 2650 Alm0‚

158 2679 340 2744 Sternitur:
366 2680 473 2742 haesit
489 2681 578 2743 enim
595 2680 656 2743 sub
673 2690 807 2762 gutture
823 2679 944 2742 vulnus
961 2689 993 2742 et
1010 2678 1094 2742 udae

157 2784 258 2848 Vocis
274 2783 337 2847 iter
352 2793 555 2867 tenuemque
571 2787 705 2849 inclusit
721 2785 883 2866 sanguine
898 2783 1010 2846 vitam.

80 2911 120 2965 535
159 2888 309 2971 Corpora
324 2888 430 2950 multa
444 2890 551 2952 virum
569 2889 664 2965 circa,
683 2891 858 2971 seniorque
876 2889 1047 2964 Galaesus,

160 2993 248 3055 Dum
266 2992 344 3073 paci
359 2992 503 3055 medium
522 3014 557 3057 se
573 2995 681 3071 offert,
699 2993 900 3056 iustissimus
916 3013 1003 3056 unus

159 3099 224 3182 Qui
240 3100 304 3163 ruit
321 3099 549 3185 Ausoniisque
565 3103 642 3166 olim
659 3101 841 3166 ditissimus
857 3102 962 3177 arvis;

159 3203 315 3286 Quinque
332 3209 454 3286 greges
470 3207 515 3270 illi
531 3208 711 3284 balantum,
729 3208 831 3289 quina
847 3207 1001 3270 redibant

159 3307 330 3386 Armenta,
349 3319 382 3372 et
397 3319 518 3373 terram
536 3323 669 3375 centum
685 3313 837 3375 vertebat
853 3313 979 3374 aratris.

85 3437 125 3488 540
202 3415 316 3498 Atque
333 3435 373 3479 ea
390 3437 450 3498 per
466 3438 602 3501 campos
619 3441 725 3502 aequo
742 3420 820 3482 dum
840 3420 949 3482 Marte
966 3427 1135 3499 geruntur,

161 3519 316 3582 Promissi
332 3521 395 3583 dea
412 3522 501 3585 facta
519 3532 646 3604 potens,
665 3523 721 3586 ubi
739 3523 902 3604 sanguine
917 3522 1042 3586 bellum

162 3623 283 3686 Imbuit
300 3634 333 3686 et
351 3625 476 3706 primae
493 3629 656 3691 commisit
673 3629 793 3690 funera
810 3647 953 3709 pugnae,

162 3726 292 3790 Deserit
315 3730 525 3810 Hesperiam,
544 3742 576 3794 et
593 3733 675 3795 caeli
692 3751 852 3794 conversa
870 3749 928 3813 per
944 3749 1042 3794 auras

162 3829 321 3894 Iunonem
338 3831 456 3895 victrix
471 3834 604 3897 adlatur
619 3855 701 3899 voce
719 3834 883 3916 superba:
