2796 4282
367 248 371 254 ’
444 301 446 305 ’
498 289 613 346 rrum
639 289 788 346 snxros
1132 297 1190 366 157

165 467 262 553 Itque
278 469 439 556 reditque
455 473 542 536 viam
559 472 823 554 totiens-quid
839 473 980 548 Thesea,
999 492 1157 553 magnum

167 576 1186 658 QuidmemoremAlcideni-etmigenus'abIovesummo.''

207 680 351 743 Talibus
368 681 486 742 orabat
502 680 605 753 dictis,
625 701 764 762 arasque
781 680 925 755 tenebat,

94 804 132 856 125
169 784 251 847 Cum
269 784 317 847 sic
334 804 413 848 orsa
430 785 519 866 loqui
534 792 648 846 vates:
674 790 691 815 “
703 784 781 847 Sate
798 783 961 864 sanguine
978 785 1099 858 divum,

169 889 252 950 Tros
269 887 492 962 Anchisiade,
509 887 617 950 facilis
634 887 813 950 descensus
830 887 987 963 Averno;

173 992 297 1054 Noctes
314 1001 417 1073 atque
433 991 503 1054 dies
521 1000 613 1072 patet
629 991 692 1053 atri
707 991 806 1055 ianua
824 991 928 1067 Ditis;
1066 1055 1070 1062 ,

173 1095 237 1159 Sed
252 1115 415 1160 revocare
432 1095 572 1175 gradum
590 1114 794 1177 superasque
811 1095 950 1158 evadere
967 1096 1010 1159 ad
1026 1115 1132 1170 auras,

174 1200 247 1262 Hoc
264 1219 362 1280 opus,
381 1199 435 1262 hic
453 1199 545 1262 labor
561 1209 621 1261 est.
671 1198 779 1274 Pauci,
797 1215 880 1280 quos
896 1219 1022 1280 aequus
1038 1199 1160 1262 amavit

98 1329 137 1378 130
174 1303 333 1384 Iuppiter,
353 1312 412 1364 aut
429 1303 549 1364 ardens
566 1303 673 1365 evexit
690 1303 731 1366 ad
748 1302 883 1366 aethera
899 1303 1012 1376 virtus

85 1473 87 1476 ,
175 1407 233 1468 Dis
249 1406 356 1487 geniti
372 1416 520 1487 potuere.
568 1407 700 1469 Tenent
717 1406 826 1470 media
842 1406 953 1468 omnia
970 1407 1079 1482 silvae,

174 1511 389 1594 Cocytusque
405 1509 478 1573 sinu
495 1509 611 1572 labens
628 1510 843 1573 circumvenit
859 1520 939 1572 atr0.

174 1614 270 1696 Quod
287 1614 316 1676 si
332 1623 448 1676 tantus
464 1634 556 1677 amor
572 1615 683 1689 menti,
702 1615 729 1675 si
745 1623 838 1676 tanta
854 1613 975 1695 cupido
991 1624 1051 1688 est,

174 1717 227 1779 Bis
243 1717 386 1802 Stygios
403 1717 517 1780 innare
534 1717 634 1791 lacus
652 1717 704 1779 bis
720 1717 815 1797 nigra
831 1717 943 1780 videre

99 1839 135 1892 135
172 1821 322 1895 Tartara,
341 1830 376 1882 et
393 1820 509 1882 insano
525 1821 617 1883 iuvat
633 1820 805 1901 indulgere
822 1821 934 1896 labori,

170 1925 309 2006 Accipe,
329 1943 417 2006 quae
434 1924 625 2005 peragenda
642 1925 741 2006 prius.
791 1925 889 1986 Latet
907 1925 1024 1988 arbore
1041 1945 1146 2005 opaca

171 2029 307 2091 Aureus
323 2037 359 2090 et
375 2027 463 2090 foliis
479 2038 513 2091 et
530 2028 619 2090 lento
636 2027 757 2090 vimine
774 2049 894 2103 ramuS,

173 2133 294 2194 Iunoni
311 2131 466 2194 infernae
481 2131 589 2194 dictus
606 2151 717 2207 sacer;
742 2133 831 2194 hunc
847 2133 931 2212 tegit
946 2132 1054 2195 omnis

59 2255 63 2265 ·
173 2236 285 2298 Lucus
303 2245 337 2297 et
353 2234 503 2298 obscuris
520 2235 677 2298 claudunt
694 2236 900 2298 convallibus
917 2237 1062 2299 umbrae.

98 2363 136 2411 140
174 2340 237 2403 Sed
254 2359 326 2411 non
343 2348 421 2412 ante
437 2339 533 2402 datur
550 2339 675 2402 telluris
692 2349 807 2420 operta
824 2340 943 2414 subire,

172 2443 375 2506 Auricomos
390 2463 489 2524 quam
507 2442 563 2523 qui
581 2442 781 2523 decerpserit
798 2443 914 2506 arbore
931 2444 1029 2507 fetus

174 2548 248 2610 Hoc
265 2546 329 2609 sibi
346 2547 485 2626 pulchra
502 2565 598 2608 suum
616 2546 693 2609 terri
712 2548 909 2628 Proserpina
926 2568 1046 2610 munus

174 2651 332 2713 Instituit.
381 2650 489 2712 Primo
507 2649 622 2712 avulso
639 2671 705 2712 non
722 2650 930 2714 deficitalter

173 2755 317 2829 Aureus
336 2763 370 2816 et
386 2752 483 2816 simili
499 2753 681 2818 frondescit
697 2755 791 2834 virga
807 2756 950 2818 metallo.

100 2876 136 2928 145
176 2859 265 2939 Ergo
283 2858 349 2920 alte
366 2857 496 2938 vestiga
513 2857 625 2931 oculis,
645 2868 678 2920 et
694 2859 755 2921 rite
772 2869 939 2940 repertum

175 2963 283 3043 Carpe
311 2981 432 3046 manu:
467 2981 610 3044 namque
638 2961 710 3042 ipse
736 2963 852 3027 volens
880 2964 1053 3046 facilisque
1079 2983 1191 3045 seque·

259 3075 324 3141 tur,
404 3115 407 3121 .

176 3170 210 3234 Si
225 3179 259 3233 te
276 3170 349 3231 lata
364 3180 503 3248 vocant;
529 3170 623 3234 aliter
640 3191 706 3233 non
723 3171 847 3234 viribus
864 3171 938 3235 ullis

174 3275 327 3350 Vincere,
345 3293 407 3336 nec
423 3273 505 3337 duro
522 3275 649 3357 poteris
662 3276 848 3338 convellere
865 3277 963 3338 ferro.

177 3377 352 3440 Praeterea
368 3376 454 3440 iacet
469 3381 657 3440 exanimum
675 3380 734 3443 tibi
751 3400 872 3461 corpus
888 3379 985 3442 amici
995 3417 1039 3426 -

103 3499 141 3551 150
178 3483 256 3544 Heu
273 3482 383 3543 nescis
395 3480 401 3541 l
412 3491 636 3564 -totamque
652 3481 792 3548 incestat
808 3486 927 3548 funere
944 3485 1094 3559 classem,

178 3586 268 3647 Dum
285 3585 436 3648 consulta
453 3586 537 3666 petis
555 3595 734 3668 nostroque
750 3585 781 3648 in
801 3587 912 3653 limine
929 3589 1065 3671 pendes.

177 3689 321 3752 Sedibus
338 3689 426 3750 hune
443 3690 531 3752 reler
547 3700 624 3756 ante
641 3690 708 3754 suis
724 3699 758 3752 et
774 3691 880 3752 conde
896 3695 1056 3773 sepulcro

178 3793 252 3856 Duc
270 3791 384 3871 nigras
400 3793 564 3870 pecudes;
589 3813 629 3854 ea
645 3793 753 3873 prima
769 3793 900 3874 piacula
916 3804 1021 3857 sunto
