2816 4282
205 315 268 378 330
562 303 720 355 VERGlLl
746 303 945 357 AENEIDOS

292 481 435 568 Lyrnesi
450 481 569 545 domus
585 472 662 558 alta,
680 482 750 545 solo
769 483 936 546 Laurente
952 483 1154 565 sepulcrum.

291 589 397 650 Totae
413 586 497 650 adeo
513 606 695 650 conversae
711 586 809 662 acies,
827 607 1010 670 omnesque
1028 588 1151 664 Latini,

292 692 420 756 Omnes
438 691 662 766 Dardanidae,
680 691 887 766 Mnestheus,
900 711 1043 774 acerque
1062 691 1224 770 Serestus,

190 803 252 876 '550
292 797 337 858 Et
354 795 533 877 Messapus
549 814 671 878 equum
688 795 838 871 domitor,
856 804 889 857 et
905 795 1000 858 fortis
1017 795 1142 873 Asilas,

290 901 545 982 Tuscorumque
562 899 717 980 phalanx,
737 899 952 981 Euandrique
968 899 1122 963 Arcades
1138 902 1219 977 alae,

293 1005 355 1067 Pro
371 1024 407 1067 se
423 1005 564 1086 quisque
579 1003 640 1067 viri
656 1023 787 1068 summa
803 1003 954 1067 nituntur
970 1024 1072 1086 opum
1088 1006 1140 1081 vi;

292 1109 365 1173 Nec
381 1129 482 1184 mora,
500 1129 562 1171 nec
578 1107 727 1190 requies;
751 1118 847 1171 vasto
862 1110 1042 1172 certamine
1058 1110 1210 1173 tendunt.

336 1212 402 1276 Hic
419 1222 565 1275 mentem
581 1212 720 1276 Aeneae
736 1214 889 1294 genetrix
905 1213 1129 1295 pulcherrima
1146 1213 1241 1289 misit,

204 1340 250 1393 555
294 1318 362 1380 Iret
378 1326 414 1379 ut
430 1317 472 1379 ad
488 1337 610 1392 muroS,
627 1316 768 1398 urbique
784 1316 971 1380 adverteret
986 1337 1108 1398 agmen

292 1406 396 1485 Ocius
412 1430 447 1484 et
462 1420 571 1484 subita
587 1420 738 1483 turbaret
752 1420 847 1483 clade
864 1420 1012 1484 Latinos
1062 1500 1064 1504 ι

294 1525 363 1601 Ille,
381 1534 418 1588 ut
432 1525 604 1606 vestigans
620 1525 750 1587 diversa
766 1545 826 1606 per
842 1523 977 1606 agmina
993 1525 1148 1588 Turnum

294 1630 372 1692 Huc
389 1639 489 1711 atque
505 1621 570 1692 huc
586 1628 675 1692 acies
691 1628 902 1704 circumtulit,
919 1629 1039 1711 aspicit
1054 1629 1172 1692 urbem

294 1734 482 1796 Immunem
498 1732 582 1796 tanti
598 1732 676 1796 belli
691 1742 792 1815 atque
808 1732 944 1814 impune
961 1735 1116 1815 quietam.

205 1849 254 1914 560
294 1836 461 1902 Continuo
477 1857 612 1920 pugnae
628 1837 781 1900 accendit
796 1837 930 1900 maioris
946 1837 1075 1919 imago;

294 1931 473 2005 Mnesthea
490 1942 752 2025 Sergestumque
767 1950 866 2004 vocat
881 1935 1070 2024 fortemque
1088 1942 1258 2006 Serestum

295 2047 469 2122 Ductores,
486 2046 716 2128 tumulumque
733 2047 831 2127 capit,
849 2066 915 2128 qua
930 2055 1041 2109 cetera
1056 2047 1224 2109 Teucrum

294 2149 469 2214 Concurrit
485 2149 582 2232 legio,
599 2170 661 2213 nec
678 2160 773 2213 scuta
789 2160 846 2213 aut
862 2149 991 2231 spicula
1006 2150 1102 2214 densi

295 2255 487 2336 Deponunt.
535 2254 634 2318 Celso
650 2254 779 2317 medius
796 2264 889 2317 stans
906 2274 1030 2336 aggere
1046 2255 1155 2318 latur:

206 2370 252 2435 565
339 2363 357 2390 “
369 2359 422 2421 Ne
433 2379 499 2441 qua
512 2357 594 2421 meis
607 2368 680 2421 esto
692 2357 789 2421 dictis
803 2358 1104 2441 mora—Iuppiter
1116 2359 1179 2421 hac
1196 2368 1305 2422 stat-
1382 2344 1385 2352 ¹

295 2463 371 2525 Neu
388 2461 461 2544 quis
478 2461 521 2525 ob
536 2461 708 2544 inceptum
724 2461 869 2524 subitum
887 2452 968 2524 mihi
985 2464 1118 2543 segnior
1134 2465 1187 2526 ito.

295 2565 423 2631 Urbem
440 2565 548 2641 hodie,
566 2586 701 2628 causam
717 2565 804 2641 belli,
823 2586 928 2647 regna
944 2566 1017 2648 ipsa
1036 2562 1156 2641 Latini,

295 2668 340 2732 Ni
356 2671 487 2732 frenum
506 2669 658 2752 accipere
674 2678 708 2733 et
722 2669 801 2733 victi
817 2689 935 2752 parere
951 2670 1108 2746 latentur,

295 2775 429 2849 Eruam,
446 2783 480 2836 et
495 2794 603 2856 aequa
619 2773 689 2837 solo
706 2774 870 2836 fumantia
886 2774 1032 2837 culmina
1048 2794 1180 2856 ponam.

207 2901 256 2954 570
296 2877 428 2942 Scilicet
443 2888 644 2960 exspectem,
662 2877 764 2941 libeat
779 2878 858 2940 dum
876 2877 1001 2959 proelia
1016 2879 1131 2942 Turno

226 2981 229 2989 '
296 2983 421 3045 Nostra
437 2983 516 3064 pati,
534 3001 714 3064 rursusque
730 2982 811 3045 velit
827 3002 1025 3046 concurrere
1040 2982 1170 3045 victus?

296 3087 372 3149 Hoc
389 3094 498 3168 caput,
516 3106 535 3149 o
551 3086 649 3162 cives,
667 3087 749 3149 haec
765 3086 844 3149 belli
861 3105 992 3148 summa
1008 3086 1154 3149 nefandi.

296 3191 395 3253 Ferte
412 3191 504 3254 faces
519 3199 671 3274 propere,
686 3191 872 3273 foedusque
889 3189 1054 3272 reposcite
1071 3189 1244 3254 flammis.”

340 3294 486 3372 Dixerat,
504 3303 604 3378 atque
620 3295 738 3360 animis
754 3287 884 3376 pariter
895 3294 1097 3358 certantibus
1113 3313 1230 3357 omnes

209 3420 255 3473 575
298 3400 390 3461 Dant
405 3393 558 3475 cuneum,
575 3399 745 3481 densaque
762 3399 804 3462 ad
820 3419 932 3462 muros
949 3399 1037 3461 mole
1053 3398 1214 3461 teruntur.

297 3502 414 3566 Scalae
430 3503 610 3584 improviso
627 3502 822 3585 subitusque
839 3502 993 3584 apparuit
1009 3501 1105 3584 ignis.

298 3607 498 3669 Discurrunt
514 3606 568 3669 alii
583 3607 625 3668 ad
643 3615 755 3687 portas
773 3606 963 3688 primosque
978 3606 1153 3680 trucidant,

297 3709 437 3771 Ferrum
454 3709 509 3772 alii
524 3719 680 3793 torquent
696 3719 729 3772 et
745 3709 945 3772 obumbrant
962 3710 1096 3772 aethera
1112 3709 1197 3771 telis.

299 3811 378 3892 Ipse
393 3813 479 3874 inter
496 3812 620 3894 primos
637 3812 786 3876 dextram
803 3812 864 3876 sub
881 3813 1013 3876 moenia
1028 3812 1134 3876 tendit
1148 3881 1151 3887 ,
