2816 4282
188 279 252 339 280
503 358 506 366 Ι
541 279 698 334 VERGlLl
726 274 925 330 AENEIDOS

277 462 377 537 lecit;
403 471 435 524 at
452 461 507 523 illa
522 461 639 522 volans
655 457 761 538 clipeo
778 464 828 518 est
843 473 991 527 excussa,
1009 449 1193 533 proculque

277 567 458 646 Egregium
475 565 627 627 Antoren
645 563 731 623 latus
747 559 833 621 inter
849 567 883 620 et
899 556 952 619 ilia
969 556 1048 636 figit,

277 669 432 732 Herculis
449 669 601 730 Antoren
619 665 781 736 comitem,
800 661 856 743 qui
873 661 993 722 missus
1010 658 1051 721 ab
1068 656 1174 738 Argis

189 785 237 849 780
277 775 444 836 Haeserat
462 771 628 844 Euandro
648 778 746 849 atque
766 767 849 828 ltala
865 763 1061 827 consederat
1078 761 1170 823 urbe.

277 878 443 942 Sternitur
457 874 573 937 infelix
590 874 698 936 alieno
714 872 859 943 vulnere,
877 869 1072 948 caelumque

276 983 416 1063 Aspicit,
433 991 466 1044 et
482 981 596 1043 dulces
614 977 757 1039 moriens
774 973 993 1037 reminiscitur
1010 971 1134 1052 Argos.

319 1087 405 1148 Tum
423 1087 497 1165 pius
514 1083 650 1146 Aeneas
667 1082 796 1142 hastam
814 1077 898 1139 iacit.
946 1076 1007 1138 llla
1024 1095 1084 1156 per
1100 1076 1215 1138 orbem

276 1191 366 1254 Aere
383 1211 500 1252 cavum
518 1187 645 1269 triplici,
665 1206 725 1268 per
741 1186 828 1247 linea
844 1194 948 1264 terga,
966 1181 1140 1262 tribusque

188 1306 234 1372 785
274 1294 420 1357 Transiit
436 1294 598 1356 intextum
615 1291 718 1354 tauris
738 1309 830 1370 opuS,
850 1288 982 1368 imaque
999 1285 1085 1348 sedit

276 1400 435 1480 Inguine;
461 1398 519 1460 scd
536 1397 622 1459 vires
639 1395 727 1456 haud
746 1392 888 1475 pertulit.
936 1390 1040 1454 Ocius
1056 1409 1172 1452 ensem

275 1505 419 1577 Aeneas
436 1503 506 1564 viso
523 1502 688 1585 Tyrrheni
709 1499 871 1581 sanguine
888 1501 1002 1574 laetus

276 1609 383 1688 Eripit
399 1628 418 1669 a
435 1606 567 1679 femine,
585 1615 618 1668 et
635 1604 816 1686 trepidanti
833 1603 982 1666 fervidus
998 1603 1109 1666 instat.
1125 1587 1127 1590 ⁵

276 1713 443 1792 Ingemuit
460 1711 525 1773 cari
542 1710 686 1790 graviter
704 1709 864 1789 genitoris
880 1728 1002 1784 amore,

188 1841 236 1891 790
276 1817 324 1880 Ut
340 1816 429 1889 vidit,
450 1816 589 1889 LausuS,
609 1815 830 1896 lacrimaeque
848 1834 907 1895 per
923 1833 980 1875 ora
996 1813 1140 1876 volutae.

277 1921 342 1983 Hic
359 1919 473 1982 mortis
490 1918 590 1981 durae
608 1938 721 1981 casum
740 1929 864 2000 tuaque
881 1919 1007 1998 optima
1024 1918 1124 1992 iacta,

276 2025 311 2089 Si
328 2045 393 2106 qua
409 2023 507 2085 fidem
524 2031 617 2084 tanto
633 2032 683 2084 est
701 2022 794 2103 operi
811 2024 917 2084 latura
932 2031 1090 2095 vetustas

278 2129 353 2190 Non
370 2127 532 2209 equidem,
551 2147 612 2190 nec
631 2137 672 2202 te,
692 2128 820 2191 iuvenis
838 2130 1060 2203 memorande,
1079 2127 1195 2190 silebo

321 2232 381 2294 Ille
399 2232 518 2313 pedem
535 2232 684 2294 referens
704 2243 737 2295 et
753 2234 877 2296 inutilis
894 2235 994 2315 inque
1010 2232 1133 2314 ligatus

189 2361 234 2413 795
277 2336 435 2411 Cedebat,
453 2338 625 2418 clipeoque
644 2337 812 2400 inimicum
830 2338 949 2400 hastile
965 2336 1128 2400 trahebat.

278 2441 430 2522 Prorupit
446 2440 573 2503 iuvenis
591 2461 730 2523 seseque
747 2442 926 2505 immiscuit
942 2443 1051 2515 armis,

278 2547 414 2627 Iamque
431 2545 641 2626 adsurgentis
660 2546 775 2609 dextra
791 2547 992 2628 plagamque
1009 2543 1149 2608 ferentis

277 2651 415 2712 Aeneae
432 2649 531 2712 subiit
549 2670 749 2725 mucronem,
768 2652 945 2732 ipsumque
963 2649 1122 2712 morando

278 2753 449 2817 Sustinuit.
498 2754 586 2817 Socii
604 2775 727 2835 magno
746 2757 888 2817 clamore
905 2763 1098 2836 sequuntur,

189 2869 237 2916 800
280 2859 369 2919 Dum
386 2857 516 2938 genitor
532 2857 600 2947 nati
619 2879 735 2939 parma
752 2868 921 2939 protectus
938 2857 1052 2930 abiret,

277 2961 425 3042 Telaque
443 2962 618 3036 coniciunt,
641 2962 904 3043 proturbantque
921 2963 1051 3024 eminus
1068 2961 1200 3023 hostem

279 3065 468 3128 Missilibus.
519 3066 612 3129 Furit
630 3067 775 3141 Aeneas,
794 3075 967 3146 tectusque
983 3074 1074 3128 tenet
1091 3084 1136 3127 se.

278 3170 330 3232 Ac
347 3170 436 3232 velut
453 3170 562 3232 effusa
580 3171 606 3232 si
623 3170 756 3251 quando
773 3170 935 3250 grandine
951 3168 1055 3231 nimbi

279 3273 510 3354 Praecipitant,
530 3274 637 3337 omnis
655 3275 781 3354 campis
798 3273 932 3353 diffugit
948 3283 1067 3347 arator,

190 3388 236 3452 805
278 3377 398 3440 Omnis
415 3389 447 3440 et
465 3378 618 3459 agricola,
637 3388 669 3440 et
685 3387 756 3439 tuta
773 3379 852 3439 latet
870 3397 945 3440 arce
961 3376 1075 3449 viator,

279 3482 349 3543 Aut
366 3483 472 3544 amnis
490 3481 579 3563 ripis,
598 3491 654 3544 aut
670 3482 727 3544 alti
745 3482 871 3544 fornice
888 3481 966 3556 saxi,

281 3587 370 3647 Dum
389 3587 472 3666 pluit
489 3587 522 3648 in
538 3587 644 3660 terris,
662 3595 698 3646 ut
715 3585 843 3666 possint
859 3585 927 3648 sole
945 3585 1081 3648 reducto

281 3689 444 3751 Exercere
462 3675 568 3750 diem:
593 3689 638 3750 sic
656 3687 793 3750 obrutus
809 3687 956 3769 undique
973 3689 1047 3751 telis

281 3791 417 3853 Aeneas
434 3790 555 3852 nubem
573 3789 658 3864 belli,
677 3791 755 3852 dum
772 3792 909 3854 detonet
925 3792 1043 3867 omnis,
