2816 4282
204 317 268 397 316
558 323 717 375 VERGlLl
744 319 943 375 AENEIDOS

290 503 482 567 Circumdat
497 502 634 566 loricam
651 501 791 576 umeris;
816 501 913 564 simul
932 510 1026 582 aptat
1042 499 1197 565 habendo

292 609 484 690 Ensemque
500 608 709 689 clipeumque
725 615 759 669 et
774 605 893 669 rubrae
909 626 1034 669 cornua
1050 607 1190 683 cristae;

201 733 235 780 90
290 713 425 788 Ensem,
442 731 542 793 quem
562 712 682 773 Dauno
699 710 890 792 ignipotens
905 711 989 772 deus
1006 710 1078 791 ipse
1096 711 1226 792 parenti

291 817 433 883 Fecerat
447 824 482 877 et
498 814 616 898 Stygia
632 815 831 877 candentem
847 815 990 877 tinxerat
1007 813 1106 877 unda.

291 920 386 995 Exin,
404 940 489 1001 quae
506 918 622 981 mediis
638 917 767 999 ingenti
782 918 903 980 adnixa
918 919 1094 982 columnae

289 1023 442 1087 Aedibus
458 1022 622 1099 adstabat,
640 1023 782 1084 validam
800 1024 831 1084 vi
848 1023 984 1104 corripit
1001 1023 1143 1100 hastam,

213 1136 219 1140 “
289 1128 424 1191 Actoris
440 1127 592 1190 Aurunci
608 1126 761 1208 spolium,
780 1137 982 1210 quassatque
998 1137 1208 1204 trementem,

200 1251 231 1304 95
286 1232 505 1295 Vociferans:
530 1237 549 1262 “
563 1232 670 1304 Nunc,
688 1251 708 1293 o
724 1251 905 1313 numquam
923 1231 1083 1294 frustrata
1099 1242 1239 1295 vocatus

289 1336 400 1398 Hasta
416 1355 517 1411 meos,
534 1355 622 1398 nunc
639 1317 771 1416 tempus
787 1335 901 1411 adest;
924 1346 957 1398 te
975 1337 1139 1399 maximus
1157 1337 1268 1411 Actor,

287 1441 337 1502 Te
353 1439 459 1502 Turni
471 1459 560 1502 nunc
576 1440 692 1502 dextra
708 1441 801 1520 gerit.
831 1463 837 1469 ·
860 1440 913 1501 Da
925 1450 1071 1502 sternere
1088 1459 1212 1521 corpus

289 1545 510 1625 Loricamque
526 1563 627 1605 manu
644 1543 753 1606 valida
768 1544 914 1606 lacerare
929 1544 1095 1607 revulsam

288 1647 442 1713 Semiviri
458 1647 609 1731 Phrygis,
622 1657 656 1710 et
672 1648 809 1710 foedare
825 1648 858 1708 in
874 1647 1010 1728 pulvere
1026 1647 1135 1710 crines

202 1777 248 1811 ιοο
287 1752 445 1815 Vibratos
460 1750 567 1814 calido
583 1752 673 1814 ferro
689 1771 865 1833 murraque
881 1751 1086 1814 madentes.'’

288 1856 353 1918 His
369 1856 479 1936 agitur
495 1853 600 1929 iuriis
614 1864 750 1936 totoque
766 1855 912 1918 ardentis
928 1854 970 1917 ab
986 1875 1042 1918 ore

287 1960 458 2024 Scintillae
474 1956 660 2032 absistunt;
688 1958 792 2020 oculis
808 1959 908 2020 micat
924 1958 1059 2039 agribus
1075 1959 1173 2039 ignis.

288 2065 440 2143 Mugitus
455 2062 559 2124 veluti
575 2081 649 2124 cum
668 2061 774 2143 prima
790 2063 823 2124 in
841 2063 967 2143 proelia
982 2073 1096 2125 taurus

285 2166 462 2229 Terrificos
478 2165 543 2228 ciet
559 2174 659 2247 atque
675 2167 772 2228 irasci
787 2167 821 2227 in
834 2185 958 2228 cornua
975 2175 1126 2246 temptat,

201 2293 245 2346 105
290 2269 431 2332 Arboris
444 2269 584 2332 obnixus
600 2279 726 2345 trunco,
744 2279 928 2351 ventosque
944 2269 1076 2333 lacessit
1131 2343 1135 2350 ¹

287 2373 423 2449 lctibus,
440 2383 498 2435 aut
514 2393 631 2455 sparsa
648 2374 690 2435 ad
708 2393 855 2455 pugnam
873 2374 1018 2455 proludit
1034 2375 1167 2436 harena.

331 2478 403 2540 Nec
420 2479 530 2539 minus
546 2477 673 2540 interea
688 2478 849 2541 maternis
865 2498 983 2541 saevus
999 2478 1032 2540 in
1049 2478 1150 2540 armis

286 2582 423 2644 Aeneas
438 2581 527 2644 acuit
544 2582 689 2644 Martem
706 2592 740 2644 et
756 2602 792 2645 se
809 2583 946 2644 suscitat
962 2583 1020 2657 ira,

286 2685 410 2749 Oblato
426 2683 577 2766 gaudens
593 2685 749 2766 componi
765 2686 900 2748 loedere
915 2685 1047 2748 bellum.

200 2812 246 2847 ιιο
285 2788 373 2851 Tum
391 2789 498 2851 socios
516 2789 699 2870 maestique
716 2797 841 2852 metum
858 2791 985 2853 solatur
1002 2790 1073 2864 luli,

287 2893 372 2955 Fata
388 2893 521 2967 docens
539 2891 675 2973 regique
691 2893 782 2955 iubet
798 2913 959 2974 responsa
976 2893 1097 2956 Latino

286 2996 386 3060 Certa
402 2995 527 3059 referre
543 2995 639 3071 viros
657 3005 691 3058 et
706 2998 799 3078 pacis
814 2996 923 3060 dicere
940 2997 1040 3078 leges.

332 3205 468 3267 Postera
483 3204 537 3266 vix
553 3224 699 3268 summos
716 3206 897 3286 spargebat
913 3189 1036 3269 lumine
1054 3217 1183 3270 montes

287 3308 371 3372 Orta
388 3307 467 3383 dies
485 3309 717 3389 cumprimum
733 3309 800 3372 alto
817 3329 852 3372 se
869 3309 1000 3390 gurgite
1016 3308 1137 3373 tollunt

202 3433 226 3468 ιι
232 3433 245 3484 5
288 3409 376 3475 Solis
391 3410 478 3492 equi,
496 3412 669 3493 lucemque
685 3413 779 3475 elatis
796 3412 930 3475 naribus
946 3412 1078 3475 efflant:

287 3514 452 3596 Campum
468 3515 510 3578 ad
528 3526 696 3578 certamen
714 3537 856 3598 magnae
871 3517 933 3579 sub
951 3515 1124 3580 moenibus
1141 3517 1230 3580 urbis

289 3617 442 3680 Dimensi
460 3619 640 3701 Rutulique
655 3619 716 3683 viri
732 3621 918 3703 Teucrique
935 3620 1106 3702 parabant,

289 3720 328 3782 ln
347 3721 522 3803 medioque
538 3723 632 3785 iocos
648 3733 682 3786 et
697 3723 748 3786 dis
764 3725 995 3788 communibus
1011 3744 1085 3788 aras

288 3823 493 3886 Gramineas.
535 3824 605 3888 Alii
621 3825 814 3908 fontemque
828 3829 1008 3911 ignemque
1024 3828 1187 3906 ferebant,
1251 3903 1255 3912 ,
