2816 4282
458 305 576 358 LIBER
602 305 831 359 UNDECIMUS
1089 383 1093 393 Ι
1131 316 1190 382 291

173 487 235 571 Qui
249 506 399 568 regnum
420 485 537 548 Italiae
553 493 586 547 et
602 485 726 566 primos
743 483 805 547 sibi
822 495 938 566 poscat
955 487 1106 553 honores.

100 611 139 646 220
172 593 331 673 Ingravat
348 591 435 653 haec
453 609 573 652 saevus
591 589 752 665 Drances,
771 589 944 673 solumque
960 593 1071 656 vocari

173 697 338 769 Testatur,
358 693 469 758 solum
487 693 579 774 posci
594 695 629 756 in
645 693 828 756 certamina
843 695 1004 760 Turnum.

174 801 279 863 Multa
296 799 398 862 simul
415 807 532 861 contra
547 797 646 860 variis
663 799 829 861 sententia
845 797 941 863 dictis

174 906 233 968 Pro
249 906 379 979 Turno,
397 913 432 965 et
448 921 607 984 magnum
624 902 761 983 reginae
777 923 898 966 nomen
915 903 1113 984 obumbrat;

174 1010 280 1072 Multa
295 1011 406 1071 virum
423 1006 550 1069 meritis
566 1015 732 1070 sustentat
747 1007 838 1069 lama
853 1009 1007 1090 tropaeis.

100 1131 138 1185 225
214 1115 288 1177 Hos
306 1115 394 1175 inter
410 1120 530 1186 motus,
547 1111 657 1175 medio
672 1111 705 1174 in
723 1111 885 1193 flagrante
902 1114 1056 1190 tumultu,

175 1219 259 1281 Ecce
276 1236 381 1299 super
396 1215 516 1278 maesti
532 1235 655 1298 magna
674 1216 846 1279 Diomedis
862 1215 905 1279 ab
922 1217 1002 1281 urbe

175 1322 293 1404 legati
309 1340 475 1402 responsa
490 1320 621 1384 ierunt:
645 1319 727 1384 nihil
744 1317 897 1384 omnibus
913 1331 1024 1385 actum

172 1428 358 1490 Tantorum
375 1426 536 1506 impensis
553 1445 710 1506 operum;
736 1425 783 1486 nil
799 1425 887 1487 dona
904 1445 1012 1508 neque
1029 1447 1146 1490 aurum

175 1531 244 1594 Nec
261 1549 407 1612 magnas
423 1529 567 1592 valuisse
583 1549 719 1610 preces3
744 1529 916 1606 aliaarma
934 1529 1062 1593 Latinis

101 1652 141 1702 ²30
173 1634 385 1717 Quaerenda,
404 1642 461 1695 aut
477 1653 594 1714 pacem
610 1633 756 1696 Troiano
772 1633 815 1696 ab
831 1653 910 1715 rege
927 1635 1115 1716 petendam.

176 1739 294 1802 Deficit
311 1736 443 1818 ingenti
460 1737 550 1798 luctu
566 1757 623 1800 rex
639 1737 711 1819 ipse
730 1737 879 1800 Latinus.

175 1843 326 1906 Fatalem
343 1842 488 1904 Aenean
505 1841 683 1904 manifesto
699 1843 835 1904 numine
851 1841 931 1905 ferri

173 1947 346 2010 Admonet
362 1945 412 2007 ira
427 1945 525 2007 deum
543 1944 727 2026 tumulique
743 1955 821 2008 ante
837 1965 895 2008 ora
912 1956 1071 2010 recentes.

175 2051 264 2132 Ergo
281 2049 460 2113 concilium
476 2069 635 2130 magnum
652 2049 842 2131 primosque
858 2069 994 2114 suorum

99 2171 138 2224 235
173 2155 319 2236 Imperio
336 2150 460 2216 accitos
477 2153 543 2215 alta
559 2155 646 2215 intra
661 2151 776 2215 limina
792 2153 889 2235 cogit.

174 2258 242 2322 Olli
257 2277 455 2332 convenere,
473 2257 646 2339 fluuntque
662 2258 704 2320 ad
720 2259 813 2338 regia
828 2257 936 2339 plenis

173 2364 278 2426 Tecta
293 2360 365 2425 viis.
413 2361 515 2424 Sedet
530 2361 562 2423 in
581 2361 697 2424 mediis
713 2371 746 2424 et
763 2362 924 2425 maximus
940 2383 1023 2427 aevo

93 2517 96 2524 .
175 2468 218 2529 Et
235 2466 363 2547 primus
379 2467 528 2546 sceptris,
546 2465 636 2528 haud
653 2465 740 2530 laeta
755 2466 874 2542 fronte,
894 2467 1042 2532 Latinus.

174 2571 289 2652 Atque
306 2570 360 2632 hic
377 2570 505 2650 legatos
521 2570 644 2633 Aetola
660 2590 700 2632 ex
716 2567 796 2633 urbe
812 2569 977 2647 remissos,

98 2692 139 2740 ²40
173 2675 269 2756 Quae
285 2674 443 2749 referant,
461 2673 525 2736 fari
541 2673 640 2749 iubet,
657 2683 691 2736 et
707 2693 868 2756 responsa
883 2676 1029 2756 reposcit

175 2778 303 2842 Ordine
319 2786 440 2840 cuncta
456 2797 524 2840 suo.
571 2779 657 2840 Tum
675 2778 766 2841 faeta
782 2779 912 2842 silentia
929 2781 1059 2862 linguis,

176 2883 220 2944 Et
236 2881 387 2944 Venulus
403 2881 492 2944 dicto
509 2901 630 2963 parens
646 2881 692 2944 ita
709 2881 811 2945 farier
825 2882 916 2946 infit:
1118 2865 1121 2869 ’

220 2990 237 3017 “
248 2985 412 3061 Vidimus,
429 3005 449 3048 o
465 2984 564 3061 cives
584 2985 780 3049 Diomedem
797 2987 992 3071 Argivaque
1009 2998 1126 3064 castra,

175 3089 290 3171 Atque
305 3090 368 3152 iter
384 3090 511 3152 emensi
527 3109 624 3152 casus
641 3091 871 3171 superavimus
887 3112 1012 3168 omnes,

98 3211 137 3265 245
175 3193 451 3276 contigimusque
467 3213 611 3269 manum,
629 3213 695 3276 qua
711 3195 856 3258 concidit
874 3196 935 3259 Ilia
951 3198 1057 3260 tellus

178 3298 238 3360 Ille
253 3297 370 3362 urbem
388 3298 592 3384 Argyripam
610 3299 736 3381 patriae
752 3302 951 3382 cognomine
968 3302 1078 3382 gentis

176 3402 291 3466 Victor
308 3401 458 3484 Gargani
474 3403 640 3467 condebat
660 3405 797 3489 Iapygis
814 3405 912 3486 agris.

179 3507 356 3590 Postquam
373 3508 568 3590 introgressi
583 3517 617 3570 et
633 3527 743 3572 coram
760 3509 839 3572 data
855 3508 951 3591 copia
967 3511 1070 3586 fandi,

180 3613 323 3676 Munera
339 3612 566 3694 praeferimus,
584 3631 706 3676 nomen
723 3613 931 3695 patriamque
947 3615 1125 3692 docemus;

102 3733 142 3784 ²50
176 3716 243 3798 Qui
259 3716 383 3779 bellum
399 3715 577 3792 intulerint,
596 3735 681 3798 quae
697 3735 798 3780 causa
814 3718 984 3781 attraxerit
1001 3719 1125 3800 Arpos.

221 3818 388 3882 “Auditis
403 3821 459 3883 ille
476 3821 557 3882 haec
575 3819 705 3900 placido
722 3822 769 3884 sic
783 3819 928 3882 reddidit
943 3841 999 3884 ore
1014 3841 1020 3882 :
