2800 4286
469 288 585 342 ursan
612 259 805 343 summus

171 470 282 553 Atque
298 467 444 532 immota
461 477 574 531 manet
590 468 668 532 fatis
687 467 827 532 Lavinia
841 468 1004 533 coniunx:

98 601 135 652 3¹5
169 575 215 637 At
229 575 377 650 trahere,
395 582 500 655 atque
516 592 626 635 moras
641 573 743 636 tantis
760 571 837 636 licet
852 573 975 637 addere
991 573 1108 651 rebus,;

172 679 218 741 At
232 677 312 741 licet
328 676 507 739 amborum
523 677 665 758 populos
682 676 874 740 exscindere
891 697 1016 759 regum.

175 783 247 845 Hac
263 801 372 863 gener
388 789 491 862 atque
507 799 601 843 socer
617 765 737 844 coeant
752 781 905 844 mercede
921 801 1064 846 suorum.

175 885 346 967 Sanguine
362 884 512 947 Troiano
528 895 562 947 et
580 884 704 948 Rutulo
720 884 887 961 dotabere‚
905 886 1008 967 virg0,

175 991 217 1054 Et
233 991 377 1054 Bellona
392 999 507 1054 manet
521 999 555 1054 te
571 989 731 1072 pronuba.
781 990 853 1054 Nec
869 989 944 1052 face
960 999 1090 1052 tantum

97 1118 139 1166 320
174 1095 295 1159 Cisseis
313 1114 508 1176 praegnans
524 1093 621 1176 ignes
637 1095 735 1160 enixa
751 1094 897 1177 iugales;

173 1199 261 1281 Quin
278 1199 369 1262 idem
386 1198 512 1263 Veneri
528 1207 643 1281 partus
660 1219 740 1262 suus
756 1207 789 1262 et
806 1198 897 1262 Paris
914 1199 1005 1275 alter,

173 1305 411 1385 Funestaeque
426 1303 545 1366 iterum
563 1302 708 1374 recidiva
723 1303 759 1366 in
777 1304 939 1384 Pergama
955 1303 1102 1366 taedae.''

214 1408 312 1470 Haec
329 1406 388 1470 ubi
404 1406 492 1469 dicta
508 1407 608 1483 dedit,
625 1417 732 1470 terras
749 1407 914 1470 horrenda
930 1406 1064 1488 petivit;

172 1511 371 1575 Luctificam
388 1510 523 1574 Allecto
540 1511 686 1574 dirarum
703 1511 746 1574 ab
762 1511 841 1574 sede
856 1511 994 1574 'dearum

91 1639 133 1691 3²5
172 1616 388 1697 Infernisque
404 1615 470 1678 ciet
486 1614 641 1691 tenebris,
659 1615 712 1678 cui
728 1615 835 1678 tristia
850 1615 938 1678 bella

171 1721 314 1801 Iraeque
331 1717 538 1801 insidiaeque
553 1727 588 1782 et
603 1719 743 1782 crimina
758 1718 857 1782 noxia
872 1719 982 1782 cordi.¹

170 1823 251 1888 Odit
267 1822 392 1905 etipse
409 1832 504 1904 pater
522 1822 652 1899 Pluton,
669 1822 770 1886 odere
786 1842 916 1888 sorores
1019 1894 1023 1900 ¹

171 1929 354 1990 Tartareae
370 1936 575 1990 monstrum:
599 1935 648 1991 tot
663 1947 738 1990 sese
753 1926 853 1990 vertit
867 1929 901 1990 in
918 1948 986 2003 ora,

170 2032 255 2094 Tam
272 2051 396 2094 saevae
413 2030 528 2107 iacies,
544 2040 594 2094 tot
610 2031 752 2114 pullulat
767 2040 839 2094 atra
854 2031 1006 2095 colubris

92 2159 135 2207 330
171 2135 282 2218 Quam
302 2136 390 2198 Iuno
407 2134 459 2197 his
475 2135 563 2198 acuit
578 2135 698 2212 verbiS,
715 2155 754 2199 ac
770 2135 850 2199 talia
866 2136 974 2198 latur:

173 2241 304 2302 “Hunc
323 2238 407 2302 mihi
425 2238 469 2302 da
489 2239 669 2321 proprium,
686 2239 781 2321 virgo
803 2249 876 2303 sata
897 2240 1014 2315 Nocte,
1031 2239 1188 2316 laborem,

173 2344 272 2407 Hanc
289 2363 438 2425 operam,
454 2363 499 2406 ne
515 2352 628 2406 noster
644 2343 750 2406 honos
766 2344 952 2406 infractave
969 2342 1066 2405 cedat

173 2449 279 2511 Fama
295 2447 378 2524 locu,
396 2467 462 2510 neu
479 2446 630 2510 conubiis
647 2446 773 2510 ambire
792 2446 949 2510 Latinum

171 2551 356 2614 Aeneadae
372 2550 511 2632 possint,
529 2551 676 2614 Italosve
691 2550 842 2614 obsidere
858 2551 950 2614 fines.

93 2678 134 2730 335
171 2657 224 2718 Tu
240 2664 339 2737 potes
353 2653 531 2718 unanimos
547 2675 676 2720 armare
692 2654 727 2718 in
744 2654 869 2737 proelia
887 2655 1008 2719 iratres

172 2759 287 2844 Atque
303 2758 389 2822 odiis
403 2779 538 2823 versare
555 2760 680 2836 domos,
697 2769 734 2823 tu
749 2759 889 2823 verbera
903 2761 999 2823 tectis

173 2864 412 2946 Funereasque
428 2862 553 2927 inferre
568 2863 671 2940 faces,
688 2862 748 2927 tibi
764 2863 899 2926 nomina
915 2863 1013 2939 mille,

174 2968 268 3030 Mille
285 2967 429 3031 nocendi
445 2977 541 3032 artes.
590 2969 785 3032 Fecundum
802 2977 943 3031 concute
959 2977 1085 3049 pectus,

174 3071 287 3135 Disice
303 3071 523 3155 compositam
540 3093 668 3154 pacem,
686 3093 759 3136 sere
776 3071 914 3136 crimina
928 3071 1023 3154 belli;

92 3198 136 3246 340
172 3175 280 3239 Arma
295 3175 376 3239 velit
388 3186 571 3259 poscatque
588 3176 686 3240 simul
701 3177 877 3259 rapiatque
893 3175 1078 3239 iuventus.”

218 3279 304 3342 Exin
321 3280 507 3362 Gorgoneis
524 3281 658 3345 Allecto
674 3281 801 3344 infecta
815 3278 954 3344 venenis

175 3383 339 3466 Principio
357 3386 490 3448 Latium
507 3396 541 3450 et
559 3385 736 3450 Laurentis
752 3395 841 3449 tecta
856 3385 989 3469 tyranni

175 3486 273 3552 Celsa
288 3490 382 3570 petit,
399 3489 604 3575 tacitumque
619 3489 750 3555 obsedit
766 3490 865 3552 limen
883 3489 1037 3566 Amatae,

174 3592 285 3674 Quam
302 3615 404 3678 super
420 3595 566 3662 adventu
582 3598 751 3661 Teucrum
767 3593 938 3677 Turnique
955 3592 1148 3678 hymenaeis

93 3719 134 3773 345
174 3698 354 3762 Femineae
371 3699 543 3764 ardentem
560 3719 727 3781 curaeque
743 3699 876 3782 iraeque
893 3698 1090 3780 coquebant.

174 3801 263 3865 Huic
280 3801 344 3864 dea
359 3802 521 3866 caeruleis
537 3823 641 3866 unum
657 3801 699 3866 de
715 3802 861 3866 crinibus
876 3820 1020 3881 anguem
