2816 4282
206 310 267 373 292
312 379 316 387 Ι
567 299 726 353 VERGlLl
751 301 951 356 AENElDOS

295 477 346 544 ‘O
363 479 554 542 fortunatae
571 489 697 560 gentes,
717 480 873 544 Saturnia
889 501 1002 563 regna,

293 582 435 665 Antiqui
450 583 602 658 Ausonii,
620 603 705 665 quae
721 604 780 647 vos
796 585 931 648 fortuna
947 586 1076 667 quietos

294 686 464 762 Sollicitat,
483 687 667 771 suadetque
683 687 797 768 ignota
815 689 978 752 lacessere
994 687 1105 761 bella?

206 811 252 864 255
292 791 503 873 Quicumque
522 791 642 854 Iliacos
658 792 747 855 terro
763 791 958 856 violavimus
974 813 1082 874 agros,
1093 829 1140 840 -

296 895 395 959 Mitto
410 915 459 970 ea,
477 915 562 977 quae
579 897 682 958 muris
697 895 853 960 bellando
869 898 1029 960 exhausta
1046 897 1109 960 sub
1126 899 1212 973 altis,

295 999 388 1081 Quos
406 999 528 1064 Simois
545 1010 674 1080 premat
690 999 745 1062 ille
760 1000 902 1064 viros-
913 1000 1050 1064 infanda
1067 1021 1128 1083 per
1145 1003 1258 1065 orbem

223 1175 226 1182 ,
294 1103 464 1185 Supplicia
480 1113 513 1166 et
530 1105 691 1167 scelerum
709 1124 834 1185 poenas
850 1105 1068 1186 expendimus
1084 1125 1214 1181 omnes

292 1209 356 1270 Vel
375 1207 504 1270 Priamo
520 1207 708 1270 miseranda
725 1229 864 1271 manus:
888 1211 949 1272 scit
966 1209 1058 1272 triste
1077 1210 1253 1274 Minervae

206 1320 254 1368 260
292 1312 391 1376 Sidus
407 1321 440 1374 et
459 1311 626 1375 Euboicae
643 1321 757 1376 cautes
774 1313 926 1395 ultorque
944 1313 1147 1395 Caphereus.

293 1416 413 1478 Militia
429 1435 469 1478 ex
484 1416 541 1478 illa
556 1415 724 1478 diversum
741 1416 784 1478 ad
800 1416 877 1480 litus
894 1416 1003 1480 abacti

292 1520 430 1584 Atrides
448 1519 556 1583 Protei
576 1520 750 1602 Menelaus
767 1520 809 1582 ad
826 1541 931 1604 usque
948 1521 1122 1585 columnas

293 1625 441 1699 Exsulat,
460 1624 631 1688 Aetnaeos
647 1624 729 1686 vidit
746 1624 912 1709 Cyclopas
929 1625 1054 1690 Ulixes.

292 1730 413 1809 Regna
431 1728 643 1809 Neoptolemi
659 1728 813 1803 referam,
831 1749 1010 1810 versosque
1028 1729 1171 1792 Penates

204 1840 250 1904 265
292 1831 484 1895 Idomenei?
532 1831 702 1915 Libycone
720 1831 909 1896 habitantes
925 1832 1018 1896 litore
1036 1834 1188 1896 Locros?
1268 1913 1273 1922 1

292 1937 371 2018 Ipse
389 1937 596 2019 Mycenaeus
613 1955 809 2017 magnorum
828 1937 944 2000 ductor
961 1937 1129 2000 Achivum

292 2039 451 2121 Coniugis
468 2039 628 2102 infandae
646 2040 752 2121 prima
768 2041 855 2104 intra
871 2040 983 2104 limina
999 2041 1115 2104 dextra

289 2145 458 2227 Oppetiit;
483 2143 645 2208 devictam
663 2144 781 2208 Asiam
800 2145 947 2208 subsedit
964 2146 1101 2208 adulter.

293 2247 456 2312 Invidisse
474 2248 563 2322 deos,
583 2247 697 2329 patriis
713 2258 749 2310 ut
765 2249 913 2312 redditus
930 2250 994 2312 aris

203 2373 251 2423 270
289 2353 488 2433 Coniugium
506 2361 657 2432 optatum
673 2362 707 2414 et
723 2353 895 2433 pulchram
914 2351 1086 2438 Calydona
1102 2355 1273 2418 viderem!
1361 2423 1365 2430 ,

291 2458 391 2520 Nunc
408 2457 508 2520 etiam
526 2455 673 2519 horribili
689 2455 761 2518 visu
779 2466 934 2539 portenta
951 2467 1145 2540 sequuntur,

291 2563 335 2624 Et
352 2561 430 2624 socii
448 2559 560 2622 amissi
577 2559 744 2640 petierunt
761 2561 897 2624 aethera
914 2560 1032 2643 pennis
1121 2629 1125 2637 ,

292 2665 567 2746 Fluminibusque
584 2674 749 2744 vagantur
765 2685 896 2728 aves—
906 2666 972 2728 heu
988 2666 1059 2728 dira
1075 2685 1226 2730 meorum

291 2769 464 2851 Supplicia
476 2768 482 2830 !
493 2804 536 2813 —
548 2776 581 2829 et
597 2768 752 2848 scopulos
769 2768 950 2832 lacrimosis
966 2769 1102 2833 vocibus
1119 2770 1272 2852 implent.

204 2892 249 2944 275
291 2874 386 2936 Haec
403 2873 486 2935 adeo
503 2891 543 2934 ex
559 2870 615 2933 illo
631 2870 712 2933 mihi
727 2873 792 2934 iarn
810 2874 975 2953 speranda
990 2873 1128 2937 fuerunt

227 2985 235 3000 “
290 2978 466 3058 Tempore,
485 2995 559 3039 cum
578 2976 667 3038 ferro
683 2976 838 3040 caelestia
855 2997 994 3058 corpora
1010 2978 1149 3041 demens

291 3077 430 3158 Appetii
446 3086 480 3141 et
495 3079 638 3142 Veneris
654 3079 773 3142 violavi
789 3081 926 3146 vulnere
942 3081 1100 3145 dextram.

291 3182 344 3243 Ne
360 3201 447 3256 vero,
464 3203 507 3246 ne
525 3202 577 3246 me
594 3183 636 3246 ad
652 3185 736 3248 tales
752 3185 912 3266 impellite
930 3205 1070 3267 pugnas.

291 3285 364 3348 Nec
381 3285 460 3347 mihi
477 3306 552 3349 curn
570 3287 708 3351 Teucris
725 3289 827 3350 ullum
845 3298 921 3371 post
937 3300 1030 3354 eruta
1046 3288 1170 3354 bellum

202 3393 251 3442 280
289 3388 461 3468 Pergama,
475 3411 537 3454 nec
553 3400 701 3454 veterum
721 3392 854 3455 memini
871 3393 1018 3458 laetorve
1033 3395 1207 3458 malorum.

291 3491 442 3569 Munera,
461 3514 545 3575 quae
563 3494 678 3576 patriis
695 3496 736 3558 ad
754 3517 806 3559 me
823 3498 962 3578 portatis
978 3498 1021 3560 ab
1036 3497 1110 3574 oris,

290 3597 417 3660 Vertite
434 3596 476 3659 ad
492 3598 645 3662 Aenean.
694 3599 854 3664 Stetimus
870 3601 936 3664 tela
952 3622 1070 3684 aspera
1087 3611 1215 3678 contra,

290 3698 567 3782 Contulimusque
585 3721 722 3766 manus:
746 3715 881 3786 experto
898 3705 1032 3781 credite,
1050 3716 1197 3788 quantus

291 3801 331 3864 In
349 3800 490 3884 clipeum
509 3804 678 3884 adsurgat,
696 3827 761 3888 quo
777 3807 907 3872 turbine
923 3817 1076 3891 torqueat
1092 3809 1236 3874 hastam.
