2800 4286
494 260 610 312 mnan
636 259 811 311 necinus
1140 255 1201 331 263

168 439 491 522 Aeneas-neque
508 438 595 502 enim
613 439 769 502 membris
785 439 843 502 dat
859 459 937 502 cura
953 439 1097 520 quietem
1108 475 1152 484 -

170 545 247 626 Ipse
264 546 395 608 sedens
413 544 614 624 clavumque
630 541 715 624 regit
731 542 881 624 velisque
898 543 1071 605 ministrat.

168 650 286 732 Atque
303 649 354 711 illi
371 648 485 710 medio
501 649 535 708 in
552 647 659 728 spatio
675 647 805 722 chorus,
822 666 910 722 ecce,
928 667 1061 710 suarum

91 777 132 811 220
169 754 331 817 Occurrit
348 752 531 816 comitum:
557 751 747 835 Nymphae,
765 771 848 833 quas
864 752 951 814 alma
968 751 1105 837 Cybebe

170 859 312 922 Numen
330 855 458 920 habere
472 857 572 918 maris
592 856 835 940 Nymphasque
852 876 870 918 e
886 856 1027 919 navibus
1042 876 1116 919 esse

171 964 338 1038 Iusserat,
355 961 522 1024 Innabant
538 961 661 1042 pariter
676 960 862 1042 fluctusque
879 961 1046 1036 secabant,

171 1067 266 1148 Quot
284 1068 381 1149 prius
398 1074 532 1127 aeratae
549 1074 710 1127 steterant
726 1065 769 1127 ad
786 1065 882 1128 litora
897 1083 1025 1146 prorae.

216 1173 453 1253 Adgnoscunt
469 1170 569 1252 longe
586 1189 708 1250 regem,
726 1169 934 1251 lustrantque
951 1169 1089 1231 choreis.

94 1297 134 1349 225
174 1277 332 1358 Quarum
350 1295 437 1356 quae
456 1274 549 1336 fandi
566 1273 757 1337 doctissima
774 1274 995 1358 Cymodocea,

175 1382 270 1445 Pone
287 1400 435 1462 sequens
452 1379 568 1441 dextra
584 1378 725 1459 puppim
740 1387 840 1452 tenet,
858 1380 998 1460 ipsaque
1019 1378 1117 1440 dorso

178 1485 327 1560 Eminet,
346 1504 385 1546 ac
402 1483 499 1546 laeva
515 1482 622 1546 tacitis
639 1482 843 1563 subremigat
858 1482 975 1557 undis;

177 1591 266 1653 Tum
285 1588 333 1651 sic
351 1588 506 1669 ignarum
523 1587 730 1668 adloquitur:
761 1593 778 1618 “
790 1586 972 1667 Vigilasue‚
993 1587 1091 1650 deum
1110 1608 1203 1666 gens,

179 1692 324 1756 Aenea?
349 1691 460 1772 vigila,
479 1700 514 1752 et
527 1690 609 1754 velis
625 1690 765 1754 immitte
788 1691 952 1754 rudentes.

100 1818 143 1866 ²30
182 1799 254 1860 Nos
271 1817 399 1870 sumus
418 1795 540 1857 Idaeae
557 1813 652 1858 sacro
667 1794 709 1857 de
724 1795 848 1857 vertice
864 1794 972 1876 pinus,

184 1903 283 1964 Nunc
301 1899 414 1981 pelagi
429 1899 618 1982 Nymphae,
636 1898 752 1961 classis
769 1908 835 1960 tua.
884 1899 1033 1962 Perfidus
1049 1907 1085 1960 ut
1102 1919 1161 1959 nos

183 2004 387 2086 Praecipites
404 2004 493 2065 ferro
511 2003 655 2065 Rutulus
671 2003 871 2084 flammaque
888 2001 1067 2084 premebat,

186 2111 351 2190 RupImus
368 2108 491 2170 invitae
508 2117 564 2170 tua
580 2109 721 2183 vincula,
739 2116 839 2189 teque
856 2128 916 2189 per
932 2127 1055 2188 aequor

184 2213 394 2295 Quaerimus.
446 2212 545 2274 Hanc
562 2212 720 2276 Genetrix
738 2211 858 2274 faciem
876 2210 1173 2298 miseratarelecit,

107 2338 147 2391 ²35
186 2319 228 2380 Et
243 2317 336 2379 dedit
353 2336 428 2379 esse
445 2316 533 2390 deas,
551 2335 737 2398 aevumque
755 2318 881 2397 agitare
898 2315 959 2378 sub
975 2316 1081 2378 undis.

186 2423 232 2485 At
249 2441 332 2503 puer
349 2420 517 2484 Ascanius
534 2442 628 2484 muro
645 2421 812 2504 fossisque
828 2430 960 2484 tenetur

186 2527 267 2588 Tela
283 2526 369 2588 inter
387 2525 496 2587 media
512 2535 612 2607 atque
628 2526 801 2588 horrentes
819 2527 928 2588 Marte
946 2524 1092 2586 Latinos

188 2631 257 2694 lam
276 2631 349 2692 loca
365 2628 455 2691 iussa
471 2639 563 2692 tenet
575 2629 653 2692 forti
670 2629 852 2710 permixtus
870 2629 1011 2692 Etrusco

187 2735 294 2798 Arcas
310 2753 423 2816 eques.
473 2734 603 2796 Medias
619 2733 683 2796 illis
699 2754 870 2814 opponere
886 2743 1021 2808 turmas

108 2861 152 2907 240
191 2839 242 2901 Ne
258 2837 378 2900 castris
394 2836 544 2919 iungant,
563 2848 652 2901 certa
671 2848 723 2900 est
739 2838 903 2900 sententia
919 2838 1043 2900 Turno.

189 2943 296 3024 Surge
313 2963 386 3023 age,
404 2951 438 3004 et
454 2943 585 3004 Aurora
602 2941 708 3006 socios
724 2941 878 3005 veniente
894 2943 1005 3006 vocari

189 3047 317 3108 Primus
332 3047 367 3108 in
384 3066 476 3109 arma
492 3045 578 3119 iube,
596 3057 629 3109 et
645 3046 788 3126 clipeum
807 3067 899 3128 cape,
914 3067 1014 3128 quern
1030 3045 1120 3107 dedit
1137 3043 1208 3123 ipse

191 3150 357 3213 Invictum
376 3151 583 3231 Ignipotens
602 3160 700 3233 atque
718 3171 792 3214 oras
809 3151 923 3213 ambiit
939 3169 1029 3212 auro.

190 3254 344 3316 Crastina
360 3253 424 3328 lux,
442 3274 517 3316 mea
533 3254 559 3316 si
573 3275 640 3318 non
656 3254 753 3317 inrita
770 3255 857 3318 dicta
875 3255 1010 3335 putaris,

111 3382 150 3434 ²45
193 3360 353 3440 Ingentes
372 3358 516 3421 Rutulae
533 3358 696 3439 spectabit
711 3359 823 3422 caedis
840 3357 1007 3422 acervos.’'

236 3463 392 3537 Dixerat;
418 3472 451 3525 et
466 3462 582 3524 dextra
598 3463 773 3526 discedens
789 3463 919 3544 impulit
936 3463 1045 3536 altam,

193 3569 294 3631 Haud
312 3567 429 3648 ignara
446 3566 544 3642 modi,
557 3567 712 3648 puppim.
762 3569 863 3648 Fugit
879 3567 935 3628 illa
952 3586 1010 3646 per
1026 3565 1132 3627 undas

192 3672 293 3736 Ociot
310 3683 342 3734 et
360 3671 467 3734 iaculo
483 3680 516 3732 et
532 3682 649 3734 ventos
665 3682 829 3753 aequante
847 3672 977 3752 sagitta.

194 3777 279 3839 Inde
295 3775 379 3838 aliae
396 3776 542 3838 celerant
558 3795 683 3838 cursus.
733 3776 851 3856 Stupet
869 3774 991 3836 inscius
1008 3773 1078 3853 ipse
