2800 4286
452 336 566 389 LIBER
594 337 787 392 SEPTIMUS

149 515 194 578 At
209 515 324 579 iuveni
342 515 456 578 oranti
472 515 601 579 subitus
616 525 740 580 tremor
756 529 899 602 occupat
915 529 1026 599 artus;

151 621 339 702 Deriguere
356 619 465 683 oculi:
489 628 539 683 tot
556 621 679 705 Erinys
696 621 804 710 sibilat
821 623 944 708 hydris,

149 725 326 806 Tantaque
345 744 382 786 se
400 723 506 786 facies
522 724 646 806 aperit;
671 734 741 788 tum
758 727 912 791 flammea
928 738 1087 812 torquens

151 829 295 891 Lumina
311 837 529 891 cunctantem
546 838 578 891 et
594 840 808 911 quaerentem
827 832 936 895 dicere
953 834 1049 917 plura

76 957 116 1008 450
152 934 324 1017 Reppulit,
342 944 378 996 et
394 933 547 1015 geminos
563 934 667 998 erexit
684 935 829 999 crinibus
845 957 982 1018 angues

150 1039 369 1121 Verberaque
386 1038 542 1113 insonuit,
561 1039 742 1122 rabidoque
759 1041 841 1103 haec
859 1041 987 1104 addidit
1003 1061 1075 1105 ore:

153 1149 169 1173 “
183 1144 235 1206 En
252 1164 320 1225 ego
335 1143 426 1206 victa
442 1142 516 1219 situ,
534 1164 635 1225 quam
651 1144 721 1207 veri
738 1145 841 1208 effeta
857 1155 1012 1208 senectus

151 1247 256 1310 Arma
273 1249 362 1310 inter
378 1267 496 1329 regum
512 1247 598 1310 falsa
614 1248 791 1312 formidine
808 1249 909 1325 ludit;

154 1352 297 1434 Respice
315 1351 478 1414 adhaec:
502 1351 619 1414 adsum
637 1352 782 1415 dirarum
800 1353 842 1416 ab
859 1353 937 1416 sede
955 1374 1103 1417 sororum
1119 1375 1125 1429 ;

75 1476 116 1528 455
154 1455 246 1518 Bella
262 1477 366 1519 manu
383 1456 554 1538 letumque
570 1457 682 1537 ger0.''

195 1560 249 1623 Sic
266 1561 373 1624 effata
389 1561 498 1622 facem
515 1560 626 1624 iuveni
643 1561 792 1636 coniecit,
810 1571 843 1624 et
860 1572 931 1625 atro

155 1664 296 1727 Lumine
313 1666 485 1727 fumantes
501 1664 570 1727 fixit
587 1665 649 1728 sub
667 1676 801 1747 pectore
817 1667 943 1730 taedas.

155 1767 220 1831 Olli
236 1790 392 1832 somnum
410 1769 530 1850 ingens
545 1772 671 1850 rumpit
687 1791 799 1853 pavor,
818 1790 961 1853 ossaque
977 1780 1011 1834 et
1028 1781 1120 1834 artus

155 1873 327 1935 Perfundit
343 1883 414 1936 toto
433 1884 613 1954 proruptus
629 1895 769 1957 corpore
785 1874 895 1938 sudor.

77 1989 120 2048 460
155 1979 259 2039 Arma
276 1998 393 2040 amens
410 1978 531 2054 fremit,
549 1999 642 2040 arma
658 1989 731 2042 toro
747 1978 910 2061 tectisque
927 1979 1083 2062 requirit3

156 2083 266 2146 Saevit
285 2103 378 2145 amor
395 2082 476 2144 ferri
492 2092 525 2144 et
541 2083 703 2146 scelerata
718 2083 849 2146 insania
865 2083 952 2159 belli,

156 2187 207 2249 Ira
225 2207 347 2268 super:
372 2207 497 2268 magno
513 2187 614 2250 veluti
630 2207 706 2249 cum
723 2187 858 2250 flamma
874 2208 994 2251 sonore

154 2292 277 2373 Virgea
293 2291 487 2373 suggeritur
504 2292 603 2354 costis
621 2291 779 2354 undantis
795 2285 879 2367 ae'niss
981 2288 985 2298 '

156 2396 401 2477 Exsultantque
418 2405 511 2458 aestu
530 2396 662 2473 latices;
688 2395 768 2458 furit
784 2396 873 2459 intus
890 2397 990 2479 aquai

78 2508 118 2572 465
156 2500 318 2562 Fumidus
335 2509 436 2580 atque
453 2499 519 2562 alte
536 2501 663 2580 spumis
679 2500 838 2563 exuberat
856 2502 982 2578 amnis;

157 2607 227 2668 Nec
243 2605 310 2667 iam
327 2625 362 2667 se
381 2603 471 2685 capit
488 2605 596 2681 unda;
621 2605 711 2667 volat
727 2625 832 2687 vapor
849 2614 920 2668 ater
935 2605 977 2667 ad
994 2625 1101 2668 auras.

88 2749 93 2758 ·
157 2711 246 2790 Ergo
262 2709 326 2771 iter
342 2708 385 2770 ad
402 2727 515 2789 regem
533 2709 659 2789 polluta
676 2728 759 2790 pace
777 2709 933 2771 Latinum

156 2813 278 2876 Indicit
295 2812 410 2894 primis
427 2811 593 2888 iuvenum,
611 2824 645 2876 et
661 2813 750 2876 iubet
767 2833 859 2875 arma
875 2812 994 2896 parari,

155 2917 272 2981 Tutari
291 2917 433 2992 ltaliam,
452 2917 628 2979 detrudere
645 2915 766 2979 finibus
783 2917 932 2991 hostem;

76 3046 119 3096 470
155 3023 199 3086 Se
217 3022 299 3084 satis
315 3020 478 3083 ambobus
491 3021 701 3103 Teucrisque
717 3023 831 3084 venire
850 3021 1054 3103 Latinisque.

156 3129 253 3190 Haec
269 3125 326 3188 ubi
343 3124 432 3188 dicta
448 3124 539 3188 dedit
555 3125 715 3207 divosque
732 3125 765 3186 in
786 3135 864 3188 vota
880 3125 1020 3201 vocavit,

155 3230 315 3295 Certatim
333 3249 407 3293 sese
427 3229 540 3292 Rutuli
557 3230 773 3293 exhortantur
788 3228 821 3291 in
840 3249 940 3292 arma.
1088 3223 1091 3232 ⁴

156 3337 259 3398 Hunc
276 3335 379 3397 decus
396 3333 568 3415 egregium
586 3334 712 3396 formae
729 3343 839 3397 movet
857 3343 956 3416 atque
972 3335 1139 3408 iuventae,

156 3441 258 3502 Hunc
276 3440 365 3501 atavi
381 3457 488 3518 reges
507 3439 595 3501 hunc
612 3438 708 3500 claris
726 3437 861 3500 dextera
877 3437 984 3500 factis.

76 3565 116 3617 475
202 3543 292 3605 Dum
310 3543 446 3604 Turnus
464 3542 606 3605 Rutulos
623 3541 741 3604 animis
757 3541 939 3604 audacibus
956 3541 1081 3623 implet,

156 3647 290 3710 Allecto
306 3645 340 3708 in
357 3647 506 3708 Teucros
524 3645 650 3730 Stygiis
667 3665 702 3708 se
719 3645 864 3707 concitat
881 3646 949 3708 alis

156 3751 241 3814 Arte
257 3771 346 3813 nova
362 3749 533 3830 speculata
548 3751 668 3825 locum,
686 3768 752 3830 quo
770 3747 863 3812 litore
880 3749 1019 3830 pulcher

157 3853 292 3917 Insidiis
308 3872 475 3934 cursuque
492 3854 581 3916 feras
598 3851 747 3935 agitabat
770 3851 872 3925 iulus,
