2796 4282
503 319 616 371 LIBER
641 319 793 371 SEXTUS

175 499 431 580 Aeternumque
448 497 541 560 locus
558 498 701 562 Palinuri
718 517 840 561 nomen
858 499 1024 562 habebit.”

177 603 236 665 His
252 603 350 666 dictis
367 621 472 664 curae
489 611 626 678 emotae,
646 603 827 684 pulsusque
844 623 1043 685 parumper

176 707 279 772 Corde
295 707 396 769 dolor
412 703 515 781 tristi;
540 707 664 786 gaudet
680 705 879 786 cognomine
901 715 1017 770 terrae.

178 812 263 892 Ergo
277 812 343 874 iter
360 810 535 891 inceptum
552 819 717 890 peragunt
732 809 898 892 fluvioque
915 812 1149 894 propinquant.

93 926 137 992 385
180 915 298 978 Navita
314 935 403 997 quos
418 914 485 975 iam
501 912 577 976 inde
594 923 630 976 ut
647 915 766 998 Stygia
783 915 953 997 prospexit
970 915 1012 978 ab
1029 915 1119 979 unda

178 1021 236 1082 Per
250 1020 393 1082 tacitum
411 1037 529 1080 nemus
546 1016 592 1080 ire
609 1018 795 1100 pedemque
813 1019 986 1083 advertere
1002 1020 1103 1101 ripae,

178 1124 229 1188 Sic
247 1124 337 1206 prior
353 1122 549 1204 aggreditur
565 1122 670 1198 dictis,
689 1131 789 1204 atque
806 1123 957 1206 increpat
973 1125 1078 1188 ultro:

178 1227 367 1310 “Quisquis
384 1247 431 1301 es,
448 1236 595 1289 armatus
611 1227 668 1309 qui
684 1237 799 1290 nostra
815 1229 858 1290 ad
873 1228 1011 1290 flumina
1031 1228 1149 1304 tendis,

178 1333 261 1394 Fare
273 1351 348 1412 age,
363 1330 444 1413 quid
455 1331 579 1406 veniae,
593 1330 658 1392 iam
672 1331 778 1407 istinc,
793 1342 825 1394 et
838 1332 1019 1413 comprime
1032 1351 1193 1413 gressum.

97 1461 141 1512 390
179 1435 383 1500 Umbrarum
400 1434 454 1497 hic
471 1435 564 1497 locus
578 1444 639 1510 est,
658 1435 775 1498 Somni
796 1435 978 1518 Noctisque
996 1455 1155 1517 soporae;

177 1541 326 1621 Corpora
341 1541 419 1602 viva
434 1539 532 1601 nefas
549 1539 668 1623 Stygia
683 1549 816 1602 vectare
832 1540 953 1604 carina.

178 1645 248 1707 Nec
264 1663 346 1707 vero
363 1643 508 1706 Alciden
525 1663 666 1706 mesum
682 1644 826 1706 laetatus
842 1653 976 1706 euntem

178 1748 362 1829 Accepisse
379 1747 463 1822 lacu,
480 1766 542 1809 nec
559 1747 693 1810 Thesea
718 1747 976 1830 Pirithoumque,

179 1851 239 1915 Dis
255 1871 460 1933 quamquam
477 1851 581 1932 geniti
597 1861 696 1932 atque
713 1851 826 1914 invicti
840 1850 966 1914 viribus
982 1861 1103 1915 essent.

100 1977 141 2030 395
180 1957 376 2018 Tartareum
394 1955 450 2018 ille
466 1975 566 2018 manu
584 1955 755 2018 custodem
773 1955 806 2017 in
823 1955 933 2018 vincla
949 1957 1075 2038 petivit,
1107 2001 1110 2004 -
1207 1947 1232 1958 ''

180 2061 289 2141 Ipsius
306 2081 325 2121 a
341 2059 425 2121 solio
442 2059 539 2140 regix,
556 2061 721 2140 traxitque
737 2069 934 2122 trementem
948 2081 954 2135 ;

180 2165 225 2226 Hi
240 2163 413 2227 dominam
432 2163 519 2226 Ditis
534 2163 684 2226 thalamo
702 2164 865 2227 deducere
882 2164 1019 2226 adorti.”

220 2267 318 2350 Quae
335 2276 451 2330 contra
466 2266 610 2330 breviter
624 2268 696 2330 lata
712 2277 763 2329 est
780 2266 987 2351 Amphrysia
1002 2277 1114 2330 vates:

180 2371 331 2435 “Nullae
349 2373 403 2434 hic
418 2371 557 2435 insidiae
573 2372 656 2434 tales
666 2371 843 2434 -absiste
861 2371 1049 2434 moveri—'

100 2501 142 2546 400
180 2477 252 2539 Nec
266 2477 336 2539 vim
352 2475 420 2538 tela
436 2457 566 2551 ierunt;
592 2476 668 2538 licet
684 2475 803 2556 ingens
820 2476 938 2538 ianitor
954 2485 1049 2538 antro

179 2580 365 2644 Aeternum
384 2580 507 2642 latrans
525 2599 712 2660 exsangues
729 2589 852 2642 terreat
869 2579 1012 2654 umbrae,

180 2685 280 2747 Casta
296 2683 374 2747 licet
390 2683 501 2764 patrui
517 2693 626 2752 servet
644 2683 843 2765 Proserpina
859 2682 969 2746 limen.

179 2789 301 2850 Trolus
318 2787 463 2863 Aeneas
482 2787 604 2868 pietate
620 2789 760 2868 insignis
776 2797 810 2850 et
826 2787 934 2862 armis

180 2891 237 2953 Ad
253 2890 439 2972 genitorem
456 2891 539 2954 imas
557 2891 657 2954 Erebi
674 2890 848 2953 descendit
863 2891 905 2953 ad
922 2889 1065 2953 umbras.

100 3017 142 3069 405
182 2995 217 3059 Si
233 3005 266 3058 te
282 2995 375 3057 nulla
390 3005 502 3058 movet
516 3005 631 3060 tantae
648 2995 782 3076 pietatis
798 2994 918 3076 imago,
1010 2998 1013 3004 '

182 3100 229 3162 At
244 3119 375 3162 ramum
392 3101 480 3163 hunc
491 3101 509 3124 ”
520 3135 565 3146 -
575 3102 681 3182 aperit
696 3119 835 3175 ramum,
851 3100 906 3181 qui
918 3107 1011 3162 veste
1027 3097 1196 3162 latebat-

123 3233 136 3254 e
182 3203 442 3285 “Adgnoscas.''
490 3204 634 3267 Tumida
650 3225 690 3268 ex
705 3205 754 3266 ira
770 3214 839 3266 tum
858 3203 959 3266 corda
974 3202 1132 3265 residunt.

183 3309 256 3372 Nec
273 3309 370 3389 plura
385 3308 446 3371 his.
495 3307 556 3372 llle
572 3309 739 3371 admirans
756 3307 947 3372 venerabile
963 3307 1086 3368 donum

184 3412 309 3475 Fatalis
324 3411 447 3493 virgae,
466 3413 566 3493 longo
583 3422 659 3494 post
675 3422 825 3492 tempore
841 3413 959 3486 visum,

104 3540 145 3588 410
184 3517 380 3582 Caeruleam
398 3516 540 3580 advertit
556 3516 705 3597 puppim,
723 3515 882 3597 ripaeque
901 3513 1111 3596 propinquat.

185 3621 271 3683 Inde
284 3621 367 3684 alias
384 3620 520 3693 animas,
540 3639 625 3700 quae
641 3639 701 3700 per
717 3620 795 3700 iuga
812 3621 912 3700 longa
930 3616 1101 3693 sedebant,

186 3725 360 3798 Deturbat,
378 3724 533 3804 laxatque
549 3723 657 3798 foros;
683 3723 780 3784 simul
797 3723 918 3804 accipit
933 3723 1028 3784 alveo
1047 3765 1049 3770 .

68 3821 70 3824 ’
134 3905 139 3916 ⁸
186 3829 364 3908 Ingentem
381 3827 532 3889 Aenean.
581 3827 715 3888 Gemuit
730 3825 792 3887 sub
810 3826 957 3905 pondere
973 3824 1094 3906 cymba
