2800 4286
483 901 523 973 P.
561 900 794 973 venerii
835 899 1091 974 linteolus

556 1095 717 1188 AEN
730 1095 975 1190 EIDOS

575 1377 719 1441 LIBER
753 1377 970 1443 DECIMUS

347 1545 506 1609 Panditur
521 1547 647 1608 interea
664 1545 782 1607 domus
799 1545 1036 1627 omnipotentis
1053 1545 1202 1630 Olympi,

220 1718 226 1726 ,
303 1650 556 1732 Conciliumque
572 1658 669 1712 vocat
685 1649 796 1712 divum
815 1659 910 1731 pater
926 1659 1026 1731 atque
1043 1650 1215 1712 hominum
1231 1669 1288 1713 rex

303 1755 474 1819 Sideream
492 1754 524 1816 in
543 1754 665 1829 sedem,
683 1763 787 1816 terras
804 1753 891 1817 unde
908 1753 1031 1816 arduus
1047 1773 1163 1816 omnes

303 1861 487 1940 Castraque
506 1856 736 1920 Dardanidum
754 1867 905 1939 aspectat
922 1858 1130 1939 populosque
1148 1856 1297 1920 Latinos,

230 1987 244 2041 5
304 1963 491 2028 Considunt
507 1961 603 2024 tectis
619 1961 863 2043 bipatentibus;
888 1961 1003 2043 incipit
1019 1963 1110 2044 ipse:

303 2066 519 2132 “Caelicolae
536 2065 658 2147 magni,
677 2065 831 2148 quianam
849 2066 1014 2128 sententia
1030 2065 1124 2129 vobis

300 2174 408 2236 Versa
424 2181 521 2246 retr0,
539 2181 735 2253 tantumque
752 2171 870 2233 animis
887 2170 1021 2233 certatis
1037 2169 1178 2252 iniquis?

302 2277 499 2339 Abnueram
515 2274 602 2338 bello
621 2275 750 2337 Italiam
765 2295 961 2338 concurrere
977 2274 1124 2338 Teucris

302 2381 398 2462 Quae
415 2389 529 2443 contra
545 2379 683 2441 vetitum
701 2379 889 2442 discordia?
913 2379 986 2461 quis
1003 2388 1111 2442 metus
1128 2388 1185 2440 aut
1201 2378 1262 2441 hos

215 2510 245 2545 ιο
301 2486 373 2547 Aut
389 2485 450 2546 hos
468 2503 559 2546 arma
576 2483 670 2565 sequi
687 2483 879 2565 ferrumque
896 2484 1059 2546 lacessere
1077 2482 1203 2546 suasit?

301 2589 470 2652 Adveniet
487 2587 609 2649 iustum
628 2608 772 2668 pugnae,
790 2608 832 2650 ne
849 2588 1015 2663 arcessite,
1030 2596 1172 2668 tempus,

302 2695 387 2757 Cum
403 2692 476 2758 fera
494 2692 668 2772 Karthago
688 2692 849 2754 Romanis
866 2690 996 2754 arcibus
1013 2690 1090 2754 olim

303 2797 447 2860 Exitium
465 2817 624 2877 magnum
642 2806 741 2876 atque
758 2797 866 2877 Alpes
882 2796 1037 2858 immittet
1053 2804 1187 2876 apertas
1197 2816 1205 2871 ;

300 2903 387 2964 Tum
404 2911 531 2964 certare
549 2899 641 2975 odiis,
660 2909 728 2962 tum
748 2921 799 2962 res
816 2899 966 2981 rapuisse
983 2899 1102 2962 licebit.

215 3029 243 3082 15
303 3006 401 3067 Nunc
418 3004 524 3080 sinite,
544 3014 577 3066 et
594 3003 761 3085 placidum
780 3004 857 3066 laeti
874 3003 1063 3085 componite
1080 3001 1231 3065 foedus”

347 3107 499 3191 Iuppiter
516 3108 598 3170 haec
615 3107 748 3189 paucis;
775 3117 809 3170 at
825 3128 891 3170 non
908 3108 1025 3170 Venus
1042 3126 1142 3169 aurea
1158 3116 1276 3168 contra

302 3215 411 3275 Pauca
427 3212 551 3274 refert:

345 3323 362 3348 “
375 3316 405 3380 Ο
425 3317 530 3390 Pater,
544 3335 563 3377 o
576 3315 747 3378 hominum
760 3336 938 3397 rerumque
950 3325 1087 3378 aeterna
1099 3323 1248 3395 potestas
1260 3315 1266 3376 !
1277 3352 1317 3359 —

302 3422 456 3503 Namque
465 3419 554 3482 aliud
566 3420 644 3501 quid
659 3419 709 3495 sit,
722 3420 811 3502 quod
822 3420 887 3482 iam
899 3420 1076 3501 implorare
1087 3419 1267 3500 queamus?
1278 3455 1316 3463 —
1360 3465 1361 3480 ,

212 3550 243 3584 20
301 3526 428 3599 Cernis,
447 3534 483 3587 ut
499 3523 660 3586 insultent
679 3525 803 3600 Rutuli,
821 3526 1021 3606 Turnusque
1038 3524 1165 3586 feratur

302 3630 364 3690 Per
380 3628 506 3691 medios
523 3627 664 3709 insignis
681 3628 774 3710 equis
791 3629 1003 3711 tumidusque
1020 3628 1166 3692 secundo

302 3732 411 3793 Marte
428 3730 524 3793 ruat?
562 3731 639 3793 Non
657 3731 770 3794 clausa
786 3741 905 3812 tegunt
921 3732 986 3794 iam
1004 3733 1134 3794 moenia
1151 3731 1313 3794 Teucros:

302 3833 390 3914 Quin
408 3835 495 3896 intra
512 3843 625 3916 portas
642 3843 742 3916 atque
759 3834 840 3917 ipsis
856 3836 981 3917 proelia
997 3835 1136 3898 miscent

743 3945 791 4010 256
