2800 4286
204 247 264 328 198
558 253 717 306 veneni
742 252 941 306 nsusruos

200 453 246 508 545
288 437 308 464 “
320 431 382 508 En,
400 432 551 514 perlecta
565 431 625 494 tibi
639 431 727 494 bello
742 432 907 495 discordia
921 433 1025 495 tristi!

288 537 362 612 Dic,
379 535 413 598 in
429 535 606 598 amicitiam
623 546 742 598 coeant
757 546 792 599 et
806 536 942 598 foedera
958 537 1111 617 iungant.

287 639 567 722 Quandoquidem
584 640 737 702 Ausonio
753 641 896 721 respersi
912 641 1076 722 sanguine
1092 641 1265 712 Teucros

288 743 363 806 Hoc
380 743 479 806 etiam
496 743 547 805 his
563 744 693 819 addam,
711 755 769 806 tua
784 746 813 806 si
828 745 910 807 mihi
925 755 1016 807 certa
1031 745 1211 808 voluntas:

287 847 461 910 Finitimas
477 834 615 911 inbella
629 849 737 910 feram
752 849 938 911 rumoribus
955 849 1065 925 urbes,

197 975 246 1030 550
285 952 546 1034 Accendamque
562 952 691 1014 animos
706 952 815 1015 insani
832 953 950 1015 Martis
966 973 1089 1029 amore,

286 1059 443 1142 Undique
459 1069 496 1122 ut
512 1059 631 1122 auxilio
643 1059 778 1123 veniant
789 1080 797 1136 ;
822 1081 980 1142 spargam
992 1081 1086 1122 arma
1099 1080 1163 1141 per
1175 1057 1318 1139 agros.”

327 1164 413 1226 Tum
427 1173 543 1226 contra
556 1164 640 1227 Iuno
654 1184 660 1224 ε
679 1170 697 1195 “
707 1166 886 1227 Terrorum
900 1174 934 1227 et
946 1165 1075 1227 fraudis
1092 1163 1230 1226 abunde
1245 1171 1314 1225 est.

283 1267 380 1331 Stant
395 1267 473 1330 belli
490 1289 618 1344 causae,
637 1279 804 1350 pugnatur
819 1269 1010 1331 comminus
1022 1268 1145 1342 armis;

284 1371 379 1454 Quae
396 1371 465 1434 fors
482 1372 588 1454 prima
605 1372 705 1446 dedit,
724 1375 861 1454 sanguis
878 1393 985 1435 novus
1002 1372 1123 1434 imbuit
1140 1377 1243 1434 arma.

195 1495 241 1551 555
282 1474 378 1537 Talia
393 1475 548 1557 coniugia
564 1486 597 1539 et
612 1477 697 1539 tales
713 1477 882 1540 celebrent
899 1478 1104 1561 hymenaeos

283 1579 465 1661 Egregium
482 1580 624 1643 Veneris
640 1600 747 1661 genus
764 1590 797 1644 et
813 1602 871 1643 rex
887 1581 959 1662 ipse
977 1581 1132 1643 Latinus

281 1683 331 1746 Te
348 1703 449 1765 super
464 1684 628 1747 aetherias
645 1705 754 1748 errare
770 1685 923 1748 licentius
939 1705 1037 1748 auras

283 1787 385 1850 Haud
404 1787 500 1850 Pater
517 1787 570 1850 ille
586 1789 675 1863 velit,
692 1791 811 1851 summi
828 1799 985 1870 regnator
1002 1789 1153 1873 Olympi.

281 1890 373 1956 Cede
388 1890 478 1955 locis.
528 1892 610 1973 Ego,
628 1893 656 1954 si
672 1913 738 1973 qua
754 1913 854 1974 super
870 1893 1005 1955 fortuna
1021 1893 1176 1955 laborum
1193 1902 1251 1968 est,

193 2003 241 2070 560
282 1995 361 2076 Ipsa
377 1995 523 2075 regam.''
569 1996 670 2058 Tales
686 1996 822 2058 dederat
840 1995 996 2059 Saturnia
1011 2016 1133 2072 voees;

282 2096 344 2160 Illa
359 2107 469 2162 autem
487 2099 606 2162 attollit
622 2099 800 2162 stridentes
817 2099 982 2180 anguibus
998 2100 1079 2175 alas,

281 2201 463 2287 Cocytique
480 2202 562 2282 petit
579 2203 701 2277 sedem,
721 2223 842 2283 supera
858 2204 962 2266 ardua
978 2203 1145 2286 linquens

282 2305 342 2368 Est
361 2306 453 2368 locus
471 2305 587 2368 ltaliae
604 2306 713 2369 medio
730 2307 791 2369 sub
808 2307 977 2370 montibus
993 2307 1078 2382 altis

281 2408 409 2472 Nobilis
425 2419 458 2472 et
475 2411 565 2473 fama
581 2411 692 2473 multis
709 2420 913 2474 memoratus
929 2411 963 2474 in
980 2411 1055 2486 oris,

191 2523 237 2590 565
281 2513 479 2595 Ampsancti
494 2514 615 2592 valles;
640 2515 751 2578 densis
769 2516 857 2578 hunc
875 2515 1052 2578 frondibus
1068 2525 1181 2578 atrum

279 2617 387 2697 Urget
403 2616 568 2700 utrimque
585 2619 671 2681 latus
687 2618 841 2694 nemoris
863 2619 1038 2701 medioque
1056 2620 1217 2701 fragosus

280 2721 347 2784 Dat
364 2721 506 2785 sonitum
524 2722 611 2784 saxis
627 2733 660 2785 et
675 2733 761 2786 torto
778 2723 902 2786 vertice
918 2733 1057 2787 torrens.

279 2825 344 2889 Hic
362 2845 483 2908 specus
498 2827 699 2889 horrendum
715 2837 748 2889 et
765 2829 854 2889 saevi
871 2827 1038 2908 spiracula
1056 2827 1147 2890 Ditis

278 2929 517 3004 Monstramur,
534 2939 699 3012 ruptoque
715 2931 835 3011 ingens
852 2930 1047 2994 Acheronte
1062 2952 1192 3014 vorago

188 3055 237 3110 570
278 3033 457 3096 Pestiferos
473 3032 579 3114 aperit
596 3035 719 3108 fauces,
739 3035 813 3115 quis
830 3035 963 3097 condita
984 3035 1119 3119 Erinys

277 3136 426 3200 Invisum
442 3157 577 3212 numen,
594 3147 699 3200 terras
716 3138 911 3220 caelumque
932 3138 1073 3201 levabat.

321 3241 392 3305 Nec
410 3243 518 3304 minus
534 3243 660 3305 interea
676 3251 856 3305 extremam
874 3242 1031 3306 Saturnia
1046 3242 1136 3306 bello

276 3339 422 3424 Irnponit
439 3341 555 3422 regina
571 3361 715 3404 manum.
764 3342 969 3405 Ruitomnis
984 3344 1019 3404 in
1036 3342 1155 3404 urbem

276 3445 448 3508 Pastorum
464 3463 505 3508 ex
520 3444 591 3508 acie
607 3465 774 3520 numerus,
791 3465 973 3528 caesosque
989 3457 1166 3528 reportant

186 3571 233 3624 575
274 3549 454 3612 Almonem
471 3568 608 3630 puerum
625 3548 817 3630 foedatique
832 3571 891 3612 ora
907 3552 1051 3626 Galaesi,

277 3650 528 3732 lrnploruutque
544 3650 635 3720 deos,
652 3650 927 3734 obtestanturque
944 3654 1114 3716 Latinum.

277 3753 412 3816 Tunius
429 3751 534 3825 rulest,
551 3753 727 3834 medioque
743 3755 777 3816 in
793 3755 930 3819 crimine
945 3759 1059 3820 caedis
1074 3768 1109 3820 et
1124 3761 1199 3840 igni
