2796 4282
473 302 589 357 ursan
615 305 788 374 Qumrus

140 479 216 543 Post
233 501 316 546 acer
339 483 547 548 Mnestheus
563 485 707 548 adducto
723 486 871 551 constitit
887 508 975 566 areu,

137 583 218 647 Alta
235 596 379 668 petens
399 589 590 670 pariterque
603 591 717 653 oculos
734 592 902 676 telumque
919 595 1068 659 tetendit.

137 689 201 752 Ast
218 690 339 772 ipsam
358 693 570 756 miserandus
587 713 682 756 avem
699 694 893 777 contingere
910 698 998 762 ierro

60 819 99 868 510
138 793 216 856 Non
234 795 372 874 valuit;
398 797 505 859 nodos
521 807 554 861 et
570 798 701 862 vincula
717 798 804 862 linea
822 802 918 883 rupit,

137 896 222 979 Quis
238 901 377 964 innexa
393 901 514 983 pedem
531 902 618 965 malo
635 903 802 984 pendebat
819 905 861 967 ab
878 907 962 984 alto;

138 1003 201 1066 Illa
217 1014 327 1069 notos
345 1015 450 1087 atque
466 1014 537 1068 atra
552 1007 668 1070 volans
684 1009 717 1069 in
735 1008 848 1071 nubila
865 1011 959 1092 fugit.

136 1108 226 1200 Tum
241 1111 404 1192 rapidus,
423 1109 616 1173 iamdudum
633 1131 711 1175 arcu
729 1121 885 1177 contenta
902 1125 1018 1196 parato

136 1212 223 1276 Tela
239 1223 381 1291 tenens,
401 1214 538 1276 fratrem
559 1215 720 1300 Eurytion
738 1216 772 1278 in
789 1227 865 1281 vota
882 1220 1020 1296 vocavit,

62 1339 100 1392 5¹5
140 1317 212 1379 lam
232 1338 349 1382 vacuo
367 1319 489 1382 laetam
507 1319 600 1382 caelo
618 1320 820 1402 speculatus,
838 1332 872 1386 et
888 1324 948 1386 alis

141 1421 372 1487 Plaudentem
390 1423 486 1503 nigra
503 1423 574 1505 figit
590 1423 651 1487 sub
669 1424 756 1488 nube
773 1425 969 1491 columbam.

143 1525 285 1590 Decidit
301 1527 476 1604 exanimis,
495 1529 662 1610 vitamque
680 1528 812 1611 reliquit
827 1531 860 1593 in
878 1532 974 1596 astris

142 1629 331 1707 AetheriiS,
351 1632 516 1714 fixamque
533 1633 637 1695 refert
653 1633 792 1715 delapsa
809 1635 973 1717 sagittam.

188 1736 333 1800 Amissa
350 1736 442 1799 solus
460 1737 570 1818 palma
587 1738 767 1818 superabat
785 1740 946 1815 Acestes;

68 1861 106 1910 5²0
145 1838 215 1920 Qui
232 1853 350 1905 tamen
368 1840 593 1912 aeriastelum
610 1842 781 1905 contendit
797 1843 830 1905 in
848 1838 954 1921 a'uras,

146 1943 338 2009 Ostentans
355 1955 528 2028 artemque
545 1955 639 2027 pater
655 1965 833 2029 arcumque
850 1959 1033 2013 sonantem.

149 2047 216 2112 Hie
234 2050 342 2113 oculis
359 2049 505 2112 subitum
523 2049 663 2112 obicitur
681 2070 868 2142 magnoque
886 2052 1033 2120 luturum

149 2151 306 2235 Augurio
324 2163 527 2231 monstrum;
553 2153 666 2217 docuit
682 2163 757 2236 post
774 2156 880 2218 exitus
897 2156 1024 2237 ingens,

149 2256 302 2340 Seraque
314 2258 450 2321 terrifici
466 2258 657 2322 cecinerunt
673 2260 786 2321 omina
802 2268 903 2323 vates.

75 2383 112 2435 525
152 2361 310 2445 Namque
328 2363 444 2426 volans
463 2363 594 2444 liquidis
611 2362 643 2425 in
662 2362 806 2426 nubibus
822 2365 902 2427 arsit
919 2366 1058 2440 arunde,

152 2466 375 2549 Signavitque
392 2468 479 2529 viam
496 2466 647 2542 flammis
665 2467 841 2550 tenuisque
858 2469 993 2532 recessit

152 2571 363 2654 Consumpta
379 2573 414 2633 in
429 2581 566 2635 ventos:
590 2571 683 2634 caelo
700 2592 760 2635 ceu
778 2591 879 2653 saepe
896 2573 997 2636 refixa

152 2677 402 2740 Transcurrunt
418 2675 608 2758 crinemque
625 2675 771 2738 volantia
788 2675 896 2740 sidera
911 2677 1046 2740 ducunt.

154 2780 318 2844 Attonitis
335 2781 472 2843 haesere
489 2779 616 2856 animis,
635 2799 840 2862 superosque
857 2781 982 2861 precati

80 2905 117 2955 530
154 2883 319 2947 Trinacrii
335 2883 521 2966 Teucrique
538 2884 598 2945 viri
608 2904 615 2960 ;
641 2902 703 2946 nec
720 2883 882 2946 maximus
899 2903 996 2947 omen

155 2988 286 3051 Abnuit
305 2989 450 3063 Aeneas,
468 2987 526 3050 sed
542 2988 665 3051 laetum
682 2987 857 3068 amplexus
874 2988 1022 3051 Acesten

158 3092 355 3156 Muneribus
371 3093 518 3155 cumulat
535 3092 674 3174 magnis,
693 3111 731 3154 ac
743 3091 822 3154 talia
838 3092 946 3154 fatur:

201 3204 218 3228 “
232 3197 344 3272 Sume,
362 3205 474 3278 pater;
500 3215 577 3258 nam
594 3205 626 3260 te
642 3195 746 3258 voluit
763 3215 819 3258 rex
837 3215 979 3277 magnus
996 3195 1134 3280 Olympi

156 3300 295 3364 Talibus
312 3300 469 3384 auspiciis
485 3310 649 3364 exsortem
666 3299 787 3362 ducere
804 3301 955 3364 honores

81 3426 117 3481 535
158 3407 270 3487 Ipsius
287 3405 459 3468 Anchisae
476 3405 629 3486 longaevi
645 3404 709 3467 hoc
726 3423 846 3467 munus
863 3404 1012 3480 habebis,

158 3510 296 3574 Cratera
309 3511 509 3591 impressum
526 3509 640 3591 signis,
658 3527 757 3590 quem
774 3508 937 3572 Thracius
954 3507 1031 3572 olim

158 3614 330 3678 Anchisae
346 3612 488 3695 genitori
504 3614 538 3674 in
556 3632 678 3694 magno
695 3631 831 3676 munere
849 3613 985 3677 Cisseus

159 3719 261 3782 Ferre
278 3719 328 3782 sui
345 3717 484 3780 dederat
500 3725 750 3780 monumentum
765 3725 798 3778 et
815 3716 937 3799 pignus
953 3715 1106 3780 amoris.'’

160 3823 215 3890 Sic
233 3824 322 3888 latus
338 3821 443 3905 cingit
459 3820 615 3885 viridanti
629 3830 782 3901 tempora
798 3820 900 3896 lauro,
