2796 4282
461 244 465 250 ’
507 285 622 340 frasu
649 285 802 342 saxrus
1142 295 1201 367 159

181 463 368 548 Aspectans
409 465 531 529 silvam
569 468 775 545 immensam,
814 477 848 534 et
885 469 932 534 sic
970 489 1052 534 voce
1090 491 1199 554 preca-

265 581 335 633 tur:

180 680 198 706 “
211 675 245 738 Si
261 695 348 738 nunc
366 695 403 738 se
421 676 519 739 nobis
536 676 589 740 ille
606 697 725 741 aureus
743 677 859 742 arbore
876 699 988 742 ramus

178 779 344 842 Ostendat
360 799 501 842 nemore
517 780 551 842 in
568 781 679 844 tanto!
705 781 838 863 quando
855 783 966 846 omnia
981 803 1059 847 vere

179 882 258 944 Heu
274 883 414 945 nimium
433 883 475 945 de
491 892 524 946 te
540 893 643 959 vates,
664 887 804 960 Misene,
822 887 932 949 locuta
947 888 1029 950 est.’'

87 1013 134 1061 190
222 986 286 1049 Vix
302 1005 343 1049 ea
360 988 454 1050 fatus
471 996 550 1061 erat,
569 988 722 1068 geminae
739 1009 814 1052 cum
831 990 917 1053 forte
933 991 1106 1056 columbae

180 1090 259 1171 Ipsa
275 1090 339 1152 sub
356 1110 415 1153 ora
435 1090 493 1152 viri
508 1092 601 1154 caelo
617 1111 737 1156 venere
754 1093 912 1170 volantes,

181 1193 223 1255 Et
238 1194 335 1256 viridi
353 1195 469 1256 sedere
487 1195 566 1257 solo.
613 1196 700 1258 Tum
717 1199 879 1261 maximus
895 1199 993 1262 heros
1077 1255 1079 1262 ,

180 1298 353 1360 Maternas
370 1298 546 1378 adgnoscit
563 1320 651 1374 aves,
669 1302 841 1384 laetusque
858 1313 1030 1383 precatur:

180 1403 291 1465 “Este
308 1402 422 1478 duces,
440 1422 469 1476 o,
487 1404 515 1465 si
531 1424 598 1485 qua
613 1405 667 1467 via
682 1415 742 1480 est,
760 1425 959 1488 cursumque
975 1427 1034 1487 per
1051 1427 1148 1471 auras

89 1527 135 1579 195
178 1507 331 1588 Derigite
347 1510 383 1569 in
399 1508 503 1582 lucos,
522 1508 579 1570 ubi
595 1508 753 1590 pinguem
770 1509 863 1572 dives
878 1520 998 1592 opacat

180 1611 307 1675 Ramus
325 1613 473 1676 humum.
523 1613 653 1695 Tuque,
670 1635 699 1690 o,
717 1613 824 1677 dubiis
840 1634 882 1676 ne
898 1615 1002 1678 defice
1018 1616 1127 1691 rebuS,

180 1717 267 1780 Diva
284 1717 440 1799 parens'’
489 1718 544 1781 Sic
560 1717 683 1780 effatus
699 1718 839 1799 vestigia
856 1720 985 1800 pressit,

178 1820 384 1896 Observaus,
402 1840 488 1902 quae
505 1823 601 1902 signa
617 1821 735 1897 ferant,
753 1842 818 1903 quo
834 1823 970 1884 tendere
986 1833 1138 1905 pergant.

179 1926 361 1988 Pascentes
377 1925 453 1987 illae
472 1935 601 1988 tantum
619 1925 749 2006 prodire
765 1926 916 2000 volando,
930 1944 933 1952 ·

89 2055 137 2090 200
173 2028 347 2110 Quantum
365 2029 436 2092 acie
454 2039 589 2110 possent
608 2029 694 2092 oculi
711 2049 841 2092 servare
858 2041 1065 2112 sequentum.

178 2133 262 2195 Inde
279 2131 338 2195 ubi
353 2151 474 2195 venere
492 2133 534 2196 ad
550 2133 666 2196 fauces
681 2152 783 2214 grave
799 2133 919 2196 olentis
934 2134 1072 2211 Averni,
1144 2208 1147 2217 Ι

176 2238 314 2300 Tollunt
332 2255 367 2299 se
384 2237 517 2315 celeres,
537 2237 763 2320 liquidumque
781 2257 840 2319 per
855 2245 933 2300 aera
949 2239 1063 2320 lapsae

177 2340 321 2405 Sedibus
338 2340 461 2422 optatis
478 2342 611 2422 gemina
627 2361 728 2422 super
743 2341 860 2404 arbore
876 2343 998 2417 sidunt,
1112 2355 1115 2361 '

178 2444 333 2507 Discolor
349 2443 438 2507 unde
454 2445 525 2506 auri
541 2465 601 2526 per
616 2465 727 2508 ramos
744 2466 824 2509 aura
840 2434 980 2510 refulsit.

90 2569 135 2622 205
175 2548 283 2630 Quale
301 2548 385 2611 solet
402 2548 492 2612 silvis
508 2549 649 2611 brumali
666 2549 789 2629 frigore
805 2549 930 2613 viscum

177 2653 312 2715 Fronde
328 2653 435 2742 virere
450 2672 545 2728 nova,
560 2654 649 2734 quod
665 2673 732 2716 non
749 2673 809 2716 sua
824 2654 966 2716 seminat
981 2653 1089 2731 arbos

177 2757 219 2818 Et
235 2775 356 2819 croceo
372 2756 442 2818 fetu
460 2765 582 2820 teretes
597 2756 803 2820 circumdare
818 2766 969 2820 truncos:

174 2861 267 2923 Talis
284 2870 356 2922 erat
372 2860 501 2941 species
519 2861 590 2923 auri
607 2861 794 2924 frondentis
810 2881 916 2942 opaca

175 2965 267 3040 llice,
286 2966 333 3027 sic
349 2965 416 3027 leni
432 2965 618 3047 crepitabat
632 2966 768 3028 bractea
782 2975 892 3028 vento

91 3095 136 3130 210
173 3069 318 3150 Corripit
335 3069 471 3132 Aeneas
488 3070 655 3150 extemplo
673 3069 854 3151 avidusque
871 3070 1025 3151 refringit

175 3174 408 3248 Cunctantem,
427 3184 460 3236 et
475 3175 560 3236 vatis
578 3183 688 3255 portat
705 3172 767 3235 sub
783 3183 871 3236 tecta
888 3174 1043 3257 Sibyllae.

221 3277 294 3340 Nec
311 3278 421 3339 minus
437 3277 564 3340 interea
581 3277 749 3364 Misenum
766 3278 800 3338 in
817 3277 912 3340 litore
929 3278 1050 3342 Teucri

176 3381 329 3456 Flebant,
348 3391 380 3443 et
397 3381 498 3444 cineri
514 3383 645 3462 ingrato
662 3401 819 3462 suprema
835 3383 996 3446 ferebant.

176 3484 343 3564 Principio
359 3483 515 3566 pinguem
533 3485 640 3548 taedis
656 3494 689 3548 ct
704 3485 821 3548 robore
838 3496 929 3549 secto

94 3607 135 3660 215
176 3589 355 3670 Ingentem
373 3598 521 3652 struxere
537 3609 664 3674 pyram,
684 3591 735 3652 cui
757 3575 931 3654 frondibus
947 3589 1026 3654 atris

175 3693 336 3755 lntexunt
352 3693 464 3768 latera,
482 3703 514 3756 et
530 3694 654 3756 ferales
669 3703 746 3755 ante
763 3713 940 3774 cupressos

174 3797 402 3870 Constituunt‚
419 3798 644 3879 decorantque
661 3816 762 3877 super
777 3797 983 3876 fulgentibus
1000 3800 1109 3862 armis.
