2796 4282
335 837 375 911 P.
405 834 640 908 venunt
680 835 937 910 nononis

432 1047 592 1138 AEN
607 1047 848 1140 EIDOS

439 1328 584 1390 urrann
616 1328 849 1410 QUARTUS

215 1498 263 1562 At
280 1496 398 1580 regina
415 1497 509 1577 gravi
524 1494 718 1558 iamdudum
736 1497 848 1559 saucia
863 1516 943 1560 cura

173 1602 303 1665 Vulnus
320 1601 379 1664 alit
395 1601 497 1676 venis,
515 1609 549 1663 et
565 1619 665 1662 caeco
682 1600 828 1681 carpitur
848 1600 926 1681 igni.

175 1706 281 1768 Multa
298 1705 359 1767 viri
376 1704 480 1767 virtus
496 1703 616 1779 animo,
634 1704 823 1785 multusque
839 1713 987 1767 recursat

174 1810 290 1874 Gentis
307 1809 432 1885 honos;
458 1808 597 1871 haerent
613 1808 704 1870 infixi
722 1817 856 1888 pectore
872 1809 984 1871 vultus

110 1941 122 1990 5
171 1914 360 1996 Verbaque,
377 1933 439 1975 nec
456 1913 620 1994 placidam
639 1911 795 1975 membris
812 1912 869 1975 dat
885 1933 963 1976 cura
980 1914 1133 1994 quietem.

216 2019 354 2082 Postera
371 2017 525 2080 Phoebea
542 2017 703 2079 lustrabat
719 2017 873 2098 lampade
889 2026 995 2080 terras

73 2149 77 2154 ’
173 2110 422 2204 Umentem'que
440 2121 572 2184 Aurora
589 2121 666 2201 polo
683 2121 866 2184 dimoverat
883 2121 1044 2196 umbram,

174 2228 258 2292 Cum
276 2226 322 2289 sic
341 2225 532 2288 unanimam
550 2226 738 2308 adloquitur
754 2225 840 2288 male
858 2246 939 2288 sana
955 2246 1121 2289 sororem:

176 2331 306 2422 “Anna
324 2351 425 2404 soror,
445 2350 529 2412 quae
546 2350 599 2393 me
616 2350 815 2411 suspensam
831 2329 995 2393 insomnia
1010 2330 1152 2393 terrent!

95 2461 120 2496 10
172 2435 256 2518 Quis
273 2455 380 2497 novus
397 2434 450 2496 hic
467 2433 588 2496 nostris
605 2436 764 2498 successit
780 2434 914 2496 sedibus
930 2435 1062 2516 hospes,

174 2539 283 2621 Quem
300 2559 374 2602 sese
391 2559 447 2602 ore
464 2539 585 2614 ferens,
604 2559 702 2620 quam
720 2538 799 2601 forti
816 2548 950 2620 pectore
968 2548 1000 2601 et
1017 2538 1134 2601 armis!

174 2643 282 2707 Credo
299 2643 463 2725 equidem,
482 2662 545 2705 nec
560 2663 647 2704 vana
664 2643 755 2717 fides,
774 2662 880 2723 genus
897 2663 971 2706 esse
987 2643 1133 2706 deorum.

175 2749 370 2829 Degeneres
383 2746 512 2809 animos
528 2747 625 2809 timor
641 2747 758 2828 arguit.
808 2748 895 2824 Heu,
913 2746 1033 2830 quibus
1049 2747 1103 2809 ille

175 2853 322 2915 Iactatus
339 2851 436 2913 fatis!
462 2871 548 2932 quae
564 2851 651 2914 bella
667 2852 829 2915 exhausta
846 2852 1005 2915 canebat!

95 2981 119 3034 15
173 2956 208 3019 Si
224 2955 305 3018 mihi
322 2975 390 3018 non
407 2955 518 3018 animo
535 2957 634 3018 fixum
652 2956 891 3039 immotumque
908 2955 1047 3031 sederet,

175 3061 227 3123 Ne
244 3059 297 3122 cui
314 3079 367 3121 me
383 3059 494 3122 vinclo
510 3059 630 3122 vellem
648 3061 772 3122 sociare
788 3059 899 3141 iugali,

174 3164 354 3246 Postquam
372 3163 498 3246 primus
515 3184 607 3227 amor
623 3164 799 3246 deceptam
816 3175 922 3229 morte
938 3164 1077 3242 fefellit3

174 3268 293 3333 Sinon
312 3277 501 3350 pertaesum
520 3269 656 3332 thalami
674 3269 858 3351 taedaeque
874 3269 1003 3344 fuisset,

174 3371 264 3434 Huic
280 3371 338 3434 uni
354 3373 469 3435 forsan
486 3373 580 3455 potui
596 3373 811 3437 succumbere
828 3373 956 3455 culpae.

94 3505 120 3538 20
172 3476 283 3552 Anna,
302 3476 434 3540 fatebor
450 3477 548 3554 enim,
566 3479 677 3542 miseri
693 3489 769 3561 post
785 3479 856 3542 fata
873 3477 1017 3563 Sychaei

174 3579 334 3662 Coniugis
352 3590 385 3644 et
401 3601 535 3662 sparsos
551 3583 698 3647 fraterna
715 3583 817 3646 caede
835 3585 985 3657 Penates,

175 3684 273 3749 Solus
290 3685 344 3748 hic
360 3684 485 3749 inflexit
502 3706 629 3763 sensus,
647 3687 860 3769 animumque
877 3686 1044 3750 labantem

175 3787 321 3871 Impulit.
370 3789 553 3871 Adgnosco
568 3793 690 3854 veteris
705 3789 846 3871 vestigia
863 3790 1024 3852 flammae.

619 3914 666 3964 103
