2796 4282
201 257 261 320 130
552 249 711 302 VERGlLl
738 249 939 301 AENEIDOS

285 426 517 510 Consequitur,
536 427 651 489 melior
668 429 775 502 remis,
794 428 852 490 sed
870 427 1016 508 pondere
1036 426 1134 508 pinus

283 532 396 594 Tarda
411 540 512 594 tenet.
561 531 640 594 Post
657 531 717 593 hos
734 550 840 613 aequo
856 530 1047 594 discrimine
1066 531 1181 593 Pristis

198 656 242 709 155
284 637 537 717 Centaurusque
555 636 663 698 locum
680 636 823 698 tendunt
840 654 998 716 superare
1015 635 1177 716 priorem;

284 742 328 804 Et
344 760 432 803 nunc
451 739 564 802 Pristis
581 739 691 814 habet,
709 759 797 802 nunc
814 737 936 802 victam
954 741 1111 820 praeterit
1128 739 1249 820 ingens

284 845 480 918 Centaurus
499 863 587 906 nunc
604 864 670 906 una
687 843 805 906 ambae
821 842 1008 924 iunctisque
1026 843 1183 906 feruntur

284 949 463 1012 Frontibus
480 958 513 1010 et
531 949 631 1029 longa
649 948 779 1010 sulcant
795 948 881 1011 vada
898 947 986 1010 salsa
1003 949 1123 1009 carina.

328 1054 465 1135 Iamque
483 1051 754 1134 propinquabant
771 1052 908 1132 scopulo
925 1062 1116 1134 metamque
1130 1051 1298 1125 tenebant,
1317 1110 1320 1116 .

199 1165 245 1212 160
283 1159 367 1221 Cum
385 1156 541 1238 princeps
559 1156 735 1238 medioque
753 1156 844 1240 Gyas
860 1155 894 1218 in
911 1157 1043 1237 gurgite
1059 1155 1166 1218 victor

285 1262 462 1324 Rectorem
480 1261 574 1322 navis
591 1261 769 1342 compellat
785 1281 867 1324 voce
886 1262 1088 1323 Menoeten:

284 1365 390 1446 “Quo
407 1374 535 1427 tantum
554 1364 634 1426 mihi
650 1365 765 1456 dexter
781 1365 875 1428 abis?
900 1366 965 1428 huc
982 1365 1087 1446 dirige
1103 1373 1276 1446 gressum;

286 1471 380 1532 Litus
397 1488 481 1543 ama,
500 1479 533 1531 et
550 1469 661 1532 laevas
679 1469 821 1550 stringat
838 1469 909 1532 sine
926 1469 1073 1550 palmula
1090 1478 1222 1543 cautes;

283 1574 399 1636 Altum
418 1573 472 1635 alii
489 1573 657 1635 teneant.''
707 1573 800 1635 Dixit
811 1593 818 1648 ;
843 1573 902 1635 sed
919 1593 1019 1636 caeca
1038 1574 1215 1636 Menoetes

197 1685 241 1749 165
283 1678 370 1742 Saxa
386 1677 507 1739 timens
525 1697 657 1758 proram
674 1676 786 1760 pelagi
803 1677 978 1759 detorquet
994 1678 1036 1740 ad
1052 1677 1168 1740 undas.

284 1782 390 1863 “Quo
406 1782 556 1843 diversus
573 1781 644 1844 abis
657 1782 667 1843 ?
679 1782 696 1805 ''
711 1781 830 1844 iterum
849 1782 958 1844 “Pete
975 1803 1063 1855 saxa,
1083 1782 1243 1844 Menoete
1254 1781 1260 1844 !
1272 1781 1289 1805 ’'

284 1885 367 1948 Cum
385 1885 529 1948 clamore
547 1885 639 1969 Gyas
655 1885 852 1962 revocabat;
877 1896 910 1948 et
926 1906 1004 1948 ecce
1022 1881 1226 1949 Cloanthum

284 1989 434 2071 Respicit
450 1989 629 2051 instantem
647 1998 749 2071 tergo,
768 1998 802 2052 et
818 1991 972 2070 propiora
988 1998 1169 2052 tenentem.

284 2095 345 2156 Ille
361 2095 447 2155 inter
463 2112 650 2175 navemque
668 2093 761 2177 Gyae
778 2095 1000 2175 scopulosque
1018 2102 1178 2156 sonantes

197 2217 243 2270 170
285 2197 385 2260 Radit
402 2197 463 2259 iter
481 2195 611 2259 laevum
628 2196 774 2272 interior,
792 2197 967 2278 subitoque
985 2197 1129 2278 priorem

284 2301 444 2365 Praeterit
459 2310 493 2364 et
506 2301 603 2363 metis
619 2309 712 2364 tenet
728 2321 873 2384 aequora
890 2310 962 2364 tuta
978 2301 1109 2364 relictis¹

282 2408 369 2469 Tum
385 2425 463 2468 vero
481 2406 601 2468 exarsit
618 2405 730 2468 iuveni
746 2405 839 2467 dolor
856 2405 986 2468 ossibus
1001 2407 1131 2485 ingens

283 2511 356 2573 Nec
373 2509 516 2572 lacrimis
533 2529 669 2572 caruere
686 2529 803 2590 genae,
822 2528 1027 2590 segnemque
1046 2508 1240 2583 Menoeten,

282 2613 415 2678 Oblitus
432 2613 628 2696 decorisque
646 2613 695 2676 sui
713 2614 905 2695 sociumque
922 2612 1048 2688 salutiS,

196 2738 241 2792 175
283 2720 323 2782 In
341 2738 430 2781 mare
449 2717 664 2799 praecipitem
684 2717 788 2799 puppi
806 2718 961 2780 deturbat
978 2717 1020 2780 ab
1037 2717 1122 2793 alta;

283 2824 362 2905 Ipse
377 2822 581 2904 gubernaclo
599 2831 707 2885 rector
723 2821 819 2895 subit,
838 2821 909 2903 ipse
926 2821 1093 2902 magister,

283 2929 512 3008 Hortaturque
528 2925 625 3001 viros
644 2927 841 3007 clavumque
858 2926 899 2987 ad
917 2925 1012 2988 litora
1028 2933 1170 3007 torquet.

281 3031 329 3094 At
345 3029 464 3112 gravis,
483 3040 519 3092 ut
536 3030 641 3092 fundo
657 3031 711 3092 vix
727 3029 863 3092 tandem
880 3029 1028 3092 redditus
1043 3031 1110 3091 imo
1127 3036 1189 3103 est,

282 3137 354 3198 Iam
371 3133 482 3197 senior
498 3134 696 3216 madidaque
713 3133 820 3196 fluens
837 3133 870 3196 in
887 3142 989 3208 veste,
1010 3135 1186 3196 Menoetes

196 3246 242 3296 180
282 3239 420 3303 Summa
437 3237 518 3320 petit
536 3238 664 3320 scopuli
681 3237 834 3320 siccaque
851 3237 884 3300 in
901 3256 984 3319 rupe
1001 3237 1131 3299 resedit.

282 3344 380 3406 Illum
396 3352 430 3406 et
447 3343 612 3406 labentem
630 3343 751 3405 Teucri
768 3352 799 3405 et
816 3342 917 3405 risere
935 3350 1117 3415 natantem,
1137 3425 1138 3428 Ἴ

282 3449 325 3511 Et
341 3447 446 3510 salsos
463 3447 572 3509 rident
587 3456 812 3510 revomentem
832 3456 965 3528 pectore
982 3445 1112 3508 fluctus.

326 3551 392 3615 Hic
408 3551 495 3614 laeta
511 3551 667 3614 extremis
684 3571 761 3632 spes
778 3560 828 3614 est
845 3570 986 3613 accensa
1003 3549 1141 3623 duobuS,

283 3655 440 3734 Sergesto
459 3654 703 3736 Mnestheique,
722 3655 818 3739 Gyan
836 3674 992 3735 superare
1009 3662 1205 3715 morantem.

197 3763 242 3828 185
284 3757 461 3835 Sergestus
478 3756 566 3836 capit
582 3767 660 3820 ante
677 3758 785 3819 locum
803 3756 1237 3840 scopuloquepropinquat,
