2796 4282
505 301 621 354 LIBER
648 302 799 356 SEXTUS

164 477 322 542 Crudelis
337 479 414 546 nati
432 487 675 544 monstrantem
692 479 838 556 vulnera,
855 480 968 558 cernit,

165 582 434 665 Euhadnenque
451 592 486 648 et
504 583 706 665 Pasiphaen;
731 583 781 646 his
800 584 982 648 Laodamia

166 687 201 750 It
217 703 344 763 comes,
362 696 400 750 et
416 686 548 750 iuvenis
564 688 741 768 quondam,
759 709 848 752 nunc
865 689 1001 765 femina,
1019 690 1182 766 Caeneus,

168 791 304 856 Rursus
320 801 357 856 et
372 793 409 854 in
426 801 573 854 veterem
590 792 661 856 fato
677 792 827 856 revoluta
844 793 993 874 figuram.

82 917 129 968 45⁰
217 897 314 960 Inter
330 915 419 978 quas
437 895 619 959 Phoenissa
635 915 751 960 recens
767 897 938 962 avulnere
955 898 1043 962 Dido

171 1000 320 1064 Errabat
337 1000 424 1062 silva
439 1001 475 1062 in
492 1019 631 1080 magna:
655 1021 754 1081 quam
772 1002 892 1065 Troius
908 1002 1007 1066 heros

172 1105 224 1168 Ut
241 1103 387 1186 primurn
406 1103 497 1186 iuxta
513 1104 605 1167 stetit
621 1104 848 1186 adgnovitque
865 1127 924 1186 per
941 1105 1075 1172 umbras

173 1209 378 1284 Obscuram,
396 1208 529 1290 qualem
546 1207 653 1289 primo
669 1208 726 1290 qui
742 1229 878 1290 surgere
894 1230 1009 1273 mense

174 1313 249 1376 Aut
263 1313 357 1376 videt
374 1322 432 1376 aut
448 1310 569 1376 vidisse
580 1322 683 1393 -putat
699 1333 759 1394 per
775 1313 887 1376 nubila
906 1314 1046 1390 Lunam,

89 1437 135 1490 455
179 1417 326 1480 Demisit
342 1415 507 1491 lacrimas
525 1416 679 1499 dulcique
696 1418 830 1482 adfatus
846 1438 958 1481 amore
974 1429 1042 1482 est:

178 1522 335 1584 “Infelix
352 1521 452 1596 Dido,
469 1539 567 1584 verus
585 1521 666 1584 mihi
682 1521 818 1584 nuntius
834 1542 914 1602 ergo

177 1627 328 1689 Venerat
342 1626 550 1700 exstinctam,
569 1625 725 1707 ferroque
741 1636 889 1690 extrema
904 1627 1076 1690 secutam?

179 1733 321 1794 Funeris
338 1731 405 1794 heu
421 1730 482 1794 tibi
497 1750 598 1794 causa
615 1731 687 1794 fui?
733 1732 795 1793 Per
812 1731 920 1796 sidera
936 1732 1016 1806 iuro,

180 1835 241 1898 Per
257 1855 399 1916 superos
415 1844 449 1898 et
465 1833 575 1916 siqua
591 1835 673 1900 fides
689 1835 807 1898 tellure
823 1834 885 1924 sub
901 1837 967 1898 ima
983 1845 1043 1911 est,

96 1949 141 2008 460
182 1940 321 2013 Invitus,
338 1938 466 2019 regina,
482 1947 540 2002 tuo
556 1938 598 2002 de
615 1937 708 2002 litore
725 1941 818 2002 cessi.

180 2043 246 2106 Sed
262 2063 317 2106 me
335 2042 425 2106 iussa
440 2041 548 2118 deum,
566 2061 652 2123 quae
669 2062 757 2107 nunc
774 2043 834 2106 has
849 2043 897 2108 ire
914 2062 973 2124 per
989 2042 1131 2117 umbras,

179 2147 241 2210 Per
257 2147 332 2210 loca
348 2155 445 2210 senta
461 2146 526 2210 situ
542 2157 667 2227 cogunt
682 2155 881 2228 noctemque
898 2146 1110 2227 profundam,

171 2250 336 2332 ‘Imperiis
350 2269 451 2331 egere
466 2250 553 2325 suis;
578 2269 640 2313 nec
657 2250 791 2314 credere
808 2250 897 2331 quivi

181 2355 283 2418 Hunc
299 2363 430 2418 tantum
446 2353 505 2418 tibi
522 2374 576 2418 me
592 2354 741 2418 discessu
757 2354 845 2418 ferre
861 2354 1019 2418 dolorem.

99 2467 142 2532 465
181 2459 269 2522 Siste
286 2458 438 2539 gradum,
456 2467 556 2540 teque
572 2468 710 2539 aspectu
726 2478 769 2520 ne
785 2459 943 2522 subtrahe
960 2467 1081 2522 nostro.

179 2562 289 2644 ¹Quem
302 2562 412 2643 fugis?
425 2546 608 2654 extremum
621 2563 703 2638 fate,
714 2562 804 2644 quod
815 2573 847 2626 te
858 2562 1027 2644 adloquor,
1040 2563 1102 2626 hoe
1113 2561 1194 2626 est.”

222 2667 363 2730 Talibus
379 2667 514 2732 Aeneas
531 2667 703 2730 ardentem
720 2675 755 2730 et
770 2676 864 2730 torva
881 2676 1029 2730 tuentem

164 2807 167 2812 ·
183 2771 326 2834 Lenibat
340 2770 437 2834 dictis
454 2770 610 2846 animum,
629 2771 847 2853 lacrimasque
860 2770 979 2834 ciebat.

182 2875 244 2936 llla
260 2875 332 2938 solo
348 2875 429 2938 fixos
445 2874 558 2938 oculos
575 2895 692 2938 aversa
708 2874 852 2950 tenebat,

101 3003 143 3050 470
182 2979 255 3042 Nec
272 2980 378 3059 magis
394 2979 527 3060 incepto
543 2979 669 3043 vultum
688 2971 840 3042 sermone
857 2989 1016 3054 movetur,

181 3081 293 3163 Quam
310 3083 338 3144 si
353 3083 435 3146 dura
451 3083 532 3148 silex
548 3092 606 3147 aut
621 3093 686 3146 stet
705 3083 875 3164 Marpesia
891 3093 1013 3148 cautes.

181 3186 334 3249 Tandem
350 3187 508 3268 corripuit
523 3207 607 3263 sese,
624 3197 725 3269 atque
740 3186 873 3250 inimica
888 3187 1013 3268 refugit

183 3291 223 3352 In
241 3311 359 3354 nemus
374 3291 602 3367 umbriferum,
621 3293 764 3356 coniunx
779 3292 835 3356 ubi
852 3291 1010 3374 pristinus
1026 3290 1072 3354 illi

185 3395 379 3476 Respondet
395 3395 482 3460 curis
498 3405 687 3478 aequatque
703 3396 876 3480 Sychaeus
892 3415 1050 3459 amorem.

102 3521 143 3574 475
185 3500 257 3562 Nec
273 3500 383 3562 minus
399 3500 545 3574 Aeneas,
563 3519 642 3562 casu
659 3518 841 3564 concussus
857 3499 978 3581 iniqu0‚

185 3604 398 3684 Prosequitur
413 3602 591 3666 lacrimans
607 3603 715 3684 longe,
733 3614 767 3666 et
783 3603 959 3668 miseratur
973 3612 1116 3666 euntem.

228 3706 312 3770 Inde
328 3707 441 3770 datum
459 3706 591 3770 molitur
607 3708 676 3770 iter.
727 3708 865 3788 Iamque
881 3727 961 3770 arva
976 3705 1137 3769 tenebant

185 3810 320 3886 Ultima,
338 3832 424 3894 quae
440 3811 528 3874 bello
543 3811 624 3872 clari
640 3818 767 3874 secreta
784 3811 1008 3890 frequentant.
