2822 4294
495 323 610 377 LIBER
636 325 840 378 SECUNDUS

200 501 251 566 Sic
267 507 296 581 ὃ,
315 513 363 566 sic
381 505 530 585 positum
547 504 653 566 adiuti
668 503 828 567 discedite
845 525 974 586 corpus.

109 617 162 683 ⁶45
202 607 278 688 lpse
295 615 397 669 manu
417 617 558 670 mortem
575 607 760 685 inveniam;
786 607 994 671 miserebitur
1010 609 1116 674 hostis

201 711 412 793 Exuviusque
431 721 541 793 petet;
567 711 673 774 facilis
690 711 815 775 iactura
833 713 977 794 sepulcri

202 815 271 877 Iam
289 815 419 897 pridem
437 816 563 879 invisus
580 816 663 878 divis
680 825 713 879 et
730 816 854 879 inutilis
872 826 977 880 annus

202 919 375 995 Demeror,
393 939 434 983 ex
451 927 517 1002 quu
532 927 585 982 me
601 920 713 982 divum
729 930 825 1002 pater
842 931 942 1002 atque
958 923 1129 985 hominum
1146 931 1202 985 rex
1306 977 1310 988 .

201 1024 364 1087 Fulminis
380 1023 518 1087 adflavit
533 1033 641 1087 ventis
657 1033 691 1087 et
706 1025 846 1106 contigit
861 1026 961 1106 igni.”

114 1140 161 1206 650
241 1129 338 1191 Talia
355 1129 527 1211 perstabat
543 1136 741 1203 memorans,
760 1130 913 1212 fixusque
930 1131 1094 1194 manebat.

201 1233 271 1296 Nus
287 1240 406 1296 contra
422 1233 522 1297 effusi
537 1231 681 1296 lacrimis
699 1234 909 1314 coniunxque
927 1234 1054 1298 Creusa

199 1338 436 1420 Ascaniusque
452 1338 626 1420 omnisque
643 1339 770 1414 domus,
789 1345 831 1400 ne
847 1349 975 1402 vertere
992 1347 1104 1402 sucum

199 1442 331 1506 Cuncta
348 1453 443 1525 pater
460 1443 595 1525 fatuque
613 1453 745 1524 urgenti
769 1443 961 1506 incumbere
977 1445 1085 1508 vellet.

198 1547 369 1628 Abnegat,
387 1547 588 1629 inceptuque
603 1557 636 1610 et
654 1547 789 1610 sedibus
805 1547 920 1610 haeret
936 1548 969 1610 in
985 1548 1098 1612 isdem.

112 1663 158 1728 655
201 1652 331 1713 Rursus
348 1653 382 1714 in
399 1672 492 1714 arma
511 1653 608 1727 feror,
627 1661 834 1733 mortemque
851 1652 1053 1715 miserrimus
1069 1661 1158 1734 optu,

201 1756 288 1817 Nam
307 1756 396 1837 quod
412 1756 584 1818 cunsilium
603 1766 659 1818 aut
676 1775 762 1837 quae
778 1757 843 1817 iam
860 1756 995 1819 fortuna
1011 1756 1173 1819 dabutur?

244 1865 263 1892 “
275 1861 378 1922 Mene
394 1860 515 1922 efferre
533 1860 661 1941 pedem,
680 1860 819 1940 genitor,
836 1867 870 1922 tu
887 1880 985 1942 posse
1001 1861 1116 1922 relictu

200 1964 359 2045 Sperusti,
377 1973 574 2046 tantumque
591 1965 687 2028 nefas
704 1965 812 2045 patriu
829 1965 949 2027 excidit
965 1964 1044 2027 ure?

200 2069 236 2132 Si
253 2069 336 2131 nihil
352 2089 392 2131 ex
408 2068 500 2130 tantu
517 2078 647 2150 superis
665 2069 774 2149 placet
791 2067 872 2130 urbe
892 2063 1042 2150 relinqui,

111 2184 158 2234 660
201 2174 245 2235 Et
262 2173 356 2236 sedet
372 2174 435 2236 huc
453 2172 573 2248 animu,
592 2172 825 2254 perituraeque
843 2172 966 2235 addere
982 2172 1101 2236 Truiae

199 2278 316 2359 Teque
332 2285 474 2359 tuusque
490 2276 589 2351 iuvat,
608 2286 701 2358 patet
717 2277 772 2339 isti
787 2274 887 2338 iunua
898 2277 982 2353 letu;

201 2381 342 2463 Iamque
358 2381 462 2444 aderit
478 2381 582 2443 multu
600 2379 777 2442 Priamide
794 2379 957 2461 sanguine
975 2381 1131 2466 Pyrrhus,

201 2486 328 2547 Natum
346 2494 422 2547 ante
439 2493 496 2547 ura
512 2484 623 2567 patris,
643 2495 770 2566 patrem
788 2494 845 2566 qui
860 2484 1037 2547 obtruncat
1053 2485 1094 2547 ad
1112 2492 1195 2548 uras.

183 2590 278 2663 ,Huc
294 2599 374 2664 erat,
393 2590 479 2652 alma
496 2595 626 2671 parens
645 2589 733 2670 quod
751 2596 803 2651 me
820 2609 879 2670 per
896 2589 970 2663 tela,
989 2609 1049 2670 per
1064 2596 1159 2670 ignes

110 2706 157 2772 665
201 2678 322 2775 Eripis
341 2702 377 2756 ut
393 2693 510 2756 mediis
527 2693 655 2755 hostem
674 2693 707 2754 in
726 2693 962 2774 penetralibus,
980 2703 1082 2775 utque

198 2798 385 2860 Ascanium
403 2807 597 2879 patremque
614 2816 724 2859 meum
735 2796 898 2879 'iuxtaque
915 2796 1075 2860 Creusam

198 2903 356 2964 Alterum
374 2901 407 2962 in
424 2901 557 2964 alterius
575 2908 737 2963 mactatus
754 2901 917 2982 sanguine
935 2900 1092 2964 cernam?

200 3005 316 3081 Arma,
334 3006 402 3080 viri,
421 3006 506 3069 ferte
523 3025 633 3080 arma;
657 3016 755 3068 vocat
772 3007 827 3067 lux
844 3005 959 3068 ultima
975 3004 1089 3068 victus

200 3110 345 3173 Reddite
362 3117 415 3171 me
434 3111 578 3184 Danais;
605 3110 701 3172 sinite
717 3116 901 3172 instauruta
918 3118 1059 3171 revisam

109 3228 157 3288 670
200 3215 338 3277 Proelia.
388 3215 580 3296 Numquam
597 3222 713 3277 omnes
730 3214 828 3276 hodie
846 3215 1024 3276 moriemur
1039 3213 1165 3276 inultr.'’

245 3318 336 3382 Hinc
352 3319 443 3381 ferru
459 3319 615 3399 accingor
631 3326 744 3381 rursus
761 3319 934 3400 clipeuque
951 3317 1117 3380 sinistram
1193 3397 1195 3400 Ι

200 3408 410 3485 insertabam
428 3431 547 3504 aptans
564 3429 682 3504 meque
699 3429 790 3485 extru
807 3429 894 3484 tecta
910 3421 1069 3484 ferebam.

201 3527 289 3590 Ecce
306 3537 417 3590 autem
435 3528 606 3608 complexa
623 3527 725 3608 pedes
743 3527 775 3588 in
794 3527 904 3589 limine
921 3525 1064 3588 coniunx

202 3631 384 3706 Haerebat,
402 3649 608 3712 parvumque
625 3640 712 3711 patri
728 3629 886 3692 tendebat
905 3631 1033 3692 Iulum:

112 3748 156 3815 ⁶75
201 3741 219 3767 “
231 3735 268 3800 Si
284 3737 451 3818 periturus
467 3735 547 3810 abts,
565 3743 599 3797 et
614 3742 676 3796 nus
692 3754 772 3815 rape
789 3733 821 3796 in
839 3733 946 3796 omnia
965 3739 1095 3808 tecum;

200 3840 258 3904 Sin
275 3839 421 3922 aliquam
437 3849 595 3922 expertus
611 3845 752 3919 sumptis
769 3855 863 3918 spem
880 3835 976 3919 punis
993 3835 1027 3896 in
1044 3845 1153 3910 armis,
