2816 4282
222 341 284 406 272
580 329 737 382 VERGILI
764 329 962 381 nanninus

309 511 444 573 Ardens
461 509 597 572 limitem
615 510 684 590 agit
700 508 797 583 ferm,
815 518 858 582 te,
876 509 998 583 Turne,
1018 507 1200 589 superbum

222 639 267 692 515
311 615 421 679 Caede
438 634 524 676 nova
541 633 713 695 quaerens
763 614 881 686 Pallas
901 613 1067 688 Euander,
1086 613 1118 674 in
1137 613 1220 694 ipsis

309 719 433 784 Omnia
450 728 528 782 sunt
544 717 656 792 oculis,
675 737 819 792 mensae,
839 738 922 799 quas
938 717 1067 780 advena
1084 717 1211 798 primas

308 825 404 887 Tunc
421 823 510 898 adiit,
527 823 729 903 dextraeque
746 822 852 884 datae.
902 821 1060 885 Sulmone
1077 832 1209 885 creatos

309 928 476 1010 Quattuor
493 927 545 989 hic
562 926 709 1001 iuvenes
727 925 875 1000 totidem,
893 946 976 1009 quos
996 927 1118 988 educat
1136 928 1260 1002 Utens

308 1033 469 1095 Viventes
486 1031 581 1113 rapit,
598 1030 735 1092 inferias
752 1051 835 1112 quos
850 1031 999 1093 immolet
1015 1030 1151 1106 umbris,

222 1161 269 1214 520
311 1139 517 1218 Captivoque
535 1135 608 1216 rogi
624 1135 805 1217 perfundat
822 1135 985 1216 sanguine
1001 1135 1163 1198 flammas

354 1241 436 1303 lnde
455 1241 558 1320 Mago
576 1239 690 1320 procul
707 1238 873 1302 infensam
891 1240 1108 1302 contenderat
1125 1241 1266 1303 hastam.

310 1347 370 1409 Ille
387 1355 460 1407 astu
478 1343 584 1418 subit;
609 1352 643 1406 at
658 1343 871 1406 tremibunda
888 1344 1079 1426 supervolat
1095 1345 1213 1420 hasta3

311 1451 355 1514 Et
370 1469 479 1530 genua
496 1449 703 1529 amplectens
720 1448 843 1511 effatur
858 1448 939 1511 talia
955 1449 1116 1530 supplex:

310 1561 329 1588 ‘⁴
344 1536 412 1617 Per'
422 1553 547 1634 patrios
565 1553 686 1615 Manes
703 1562 736 1615 et
753 1572 831 1633 spes
848 1555 1014 1633 surgentis
1033 1553 1096 1614 Iuli

222 1684 268 1737 525
309 1660 359 1721 Te
376 1677 500 1739 precor,
520 1658 606 1718 hanc
623 1656 767 1718 animam
786 1675 897 1719 serves
914 1667 1083 1738 gnatoque
1101 1657 1262 1739 patrique.

310 1764 371 1825 Est
387 1762 505 1824 domus
522 1761 606 1834 alta;
630 1762 740 1823 iacent
757 1762 889 1840 penitus
906 1761 1038 1824 defossa
1055 1761 1186 1823 talenta

309 1866 436 1931 Caelati
454 1865 601 1946 argenti;
627 1875 705 1927 sunt
721 1866 791 1927 auri
809 1865 957 1946 pondera
973 1865 1054 1928 lacti

310 1971 497 2050 Inlectique
515 1969 604 2031 mihi.
653 1969 729 2031 Non
747 1970 800 2031 hic
816 1970 952 2032 victoria
968 1970 1135 2033 Teucrum

308 2075 466 2148 Vertitur,
484 2083 541 2135 aut
558 2073 668 2134 anima
684 2094 750 2135 una
766 2073 857 2135 dabit
873 2073 1062 2136 discrimina
1078 2074 1206 2136 tanta.’'

222 2203 270 2256 530
356 2179 514 2252 Dixerat;
539 2177 674 2240 Aeneas
692 2187 807 2239 contra
823 2177 875 2240 cui
891 2177 970 2240 talia
986 2178 1113 2241 reddit:

310 2283 483 2363 “Argenti
500 2290 599 2363 atque
616 2281 686 2344 auri
703 2301 868 2344 memoras
884 2302 969 2363 quae
985 2283 1089 2345 multa
1105 2284 1242 2359 talenta,

309 2387 427 2450 Gnatis
444 2406 542 2466 parce
559 2385 633 2448 tuis,
682 2385 764 2448 Belli
782 2386 978 2448 commercia
994 2387 1128 2449 Turnus

310 2491 451 2555 Sustulit
466 2491 529 2552 ista
547 2489 635 2570 prior
651 2489 715 2552 iam
732 2499 802 2552 tum
821 2490 969 2552 Pallante
985 2499 1169 2572 perempto

311 2597 386 2658 Hoc
404 2594 507 2676 patris
523 2593 694 2656 Anchisae
714 2595 843 2670 Manes,
862 2594 923 2656 hoc
940 2594 1039 2657 sentit
1058 2596 1183 2657 lulus.'’

223 2724 268 2776 535
311 2700 365 2763 Sic
383 2699 472 2760 latus
489 2698 618 2779 galeam
637 2699 731 2760 laeva
746 2707 848 2773 tenet,
862 2707 961 2780 atque
979 2698 1099 2760 reflexa

310 2803 447 2868 Cervice
464 2804 589 2864 orantis
606 2803 724 2884 capulo
740 2812 838 2865 tenus
851 2803 997 2884 applicat
1013 2823 1136 2865 ensem.

355 2908 427 2970 Nec
439 2907 552 2988 procul
564 2907 801 2982 Haemonides
814 2907 938 2969 Phoebi
946 2907 1144 2988 Triviaeque
1159 2909 1326 2981 sacerdos

312 3013 424 3074 Insula
448 3011 500 3073 cui
517 3031 611 3073 sacra
627 3010 800 3074 redimibat
816 3021 967 3092 tempora
982 3011 1073 3087 vitta,

310 3118 416 3179 Totus
433 3117 612 3178 conlucens
628 3125 720 3178 veste
737 3126 837 3198 atque
853 3116 1039 3196 insignibus
1055 3115 1174 3178 armis:

225 3245 272 3296 540
312 3220 421 3302 Quem
438 3239 639 3300 congressus
655 3221 724 3301 agit
740 3241 868 3302 camp0‚
886 3221 1083 3303 lapsumque
1100 3230 1298 3302 superstans

313 3325 476 3398 Immolat‚
493 3324 688 3406 ingentique
705 3326 821 3387 umbra
837 3325 939 3406 tegit3
960 3346 1052 3387 arma
1069 3325 1225 3389 Serestus

313 3429 415 3491 Lecta
431 3428 534 3491 refert
550 3430 681 3503 umeris
699 3429 766 3503 tibi,
784 3449 840 3492 rex
858 3431 1010 3505 Gradive,
1027 3439 1210 3511 tropaeum.

357 3533 549 3594 Instaurant
565 3532 653 3594 acies
669 3533 813 3596 Vulcani
830 3534 931 3615 stirpe
948 3543 1078 3596 creatus
1169 3599 1171 3603 ,

313 3637 477 3700 Caeculus
493 3646 526 3699 et
541 3637 679 3699 veniens
697 3637 883 3700 Marsorum
901 3638 1068 3701 montibus
1086 3638 1225 3702 Umbro.

227 3762 272 3814 545
315 3739 524 3802 Dardanides
541 3749 655 3802 contra
672 3741 760 3804 furit.
809 3743 956 3804 Anxuris
973 3763 1053 3805 ense
1070 3742 1237 3805 sinistram

315 3843 358 3906 Et
374 3851 479 3905 totum
497 3842 593 3924 clipei
609 3843 698 3906 lerro
715 3844 879 3909 deiecerat
896 3846 1007 3909 orbem
1021 3868 1082 3922 ;—
