2816 4282
162 279 227 344 340
521 271 678 324 VERGILI
705 268 902 323 AENEIDOS

250 449 427 514 Obscenae
443 449 593 513 volucres
603 470 610 526 ;
635 450 761 511 alarum
779 447 916 511 verbera
933 468 1034 511 nosco

250 554 468 635 Letalemque
485 573 613 628 sonum,
632 571 692 616 nec
709 553 830 615 fallunt
845 551 934 614 iussa
950 551 1093 634 superba

250 657 458 738 Magnanimi
478 656 575 720 Iovis.
624 657 720 719 Haec
737 677 797 738 pro
813 655 1001 737 virginitate
1018 655 1172 738 reponit?

250 761 326 844 Quo
342 762 444 824 vitam
462 761 552 824 dedit
569 761 761 824 aeternam?
785 781 843 823 cur
859 760 973 822 mortis
989 760 1149 842 adempta
1164 768 1214 824 est

157 869 210 925 '880
249 866 433 930 Condicio?
480 867 616 929 Possem
632 875 744 929 tantos
760 865 853 927 finire
869 864 1000 928 dolores

252 971 350 1033 Nunc
367 979 465 1046 certe,
483 979 517 1033 et
533 971 653 1033 misero
670 969 766 1058 fratri
782 989 894 1032 comes
910 968 957 1031 ire
974 989 1034 1051 per
1050 968 1195 1032 umbras.

251 1073 451 1137 Immortalis
467 1074 554 1156 ego?
578 1084 635 1138 aut
651 1074 829 1156 quicquam
847 1074 925 1136 mihi
942 1073 1038 1136 dulce
1055 1093 1205 1136 meorum

249 1179 298 1240 Te
315 1179 395 1252 sine,
413 1179 525 1254 frater,
543 1175 626 1240 erit?
673 1178 703 1242 Ο
721 1198 806 1260 quae
823 1180 904 1240 satis
920 1177 986 1240 ima
1002 1177 1154 1240 dehiscat
1248 1259 1254 1270 ⁶

248 1282 353 1344 Terra
370 1281 457 1357 mihi,
478 1283 664 1364 Manesque
681 1282 777 1344 deam
795 1282 946 1346 demittat
963 1281 1004 1344 ad
1026 1281 1111 1344 imos
1123 1281 1129 1342 !
1143 1281 1160 1304 ’'

161 1395 208 1461 885
293 1387 437 1448 Tantum
457 1377 570 1460 effata,
589 1396 690 1468 caput
706 1387 826 1467 glauco
842 1387 987 1449 contexit
1004 1375 1139 1460 amictu,
1168 1461 1171 1468 1

250 1489 358 1551 Multa
374 1509 522 1570 gemens,
540 1500 573 1552 et
589 1510 626 1552 se
642 1490 742 1555 fluvio
760 1490 822 1553 dea
837 1490 985 1554 condidit
1001 1490 1077 1554 alto.

292 1593 428 1656 Aeneas
444 1596 546 1657 instat
562 1604 678 1658 contra
695 1595 864 1676 telumque
881 1604 1032 1659 coruscat

251 1697 575 1777 Ingensarboreum,
594 1708 627 1760 et
644 1693 743 1760 saevo
760 1698 807 1761 sic
824 1707 958 1779 pectore
975 1699 1082 1760 fatur:

250 1801 378 1883 “Quae
402 1821 490 1865 nunc
515 1801 635 1866 deinde
660 1822 752 1864 mora
775 1812 835 1878 est,
861 1811 918 1866 aut
942 1802 1020 1884 quid
1043 1800 1119 1877 iam,
1143 1803 1263 1876 Turne,

336 1905 519 1968 retractas?
986 1989 989 1994 Ι

161 2019 210 2080 89ο
251 2009 328 2071 Non
344 2029 452 2084 cursu,
471 2011 578 2072 saevis
596 2010 790 2073 certandum
809 2020 860 2072 est
876 2010 1060 2073 comminus
1077 2011 1185 2072 armis.

249 2113 351 2176 Verte
368 2133 482 2176 omnes
499 2123 567 2176 tete
583 2114 616 2176 in
634 2114 747 2190 iacies,
765 2124 798 2177 et
814 2115 982 2189 contrahe,
1001 2113 1160 2195 quidquid

251 2217 327 2280 Sive
344 2217 462 2280 animis
479 2218 548 2281 sive
564 2228 635 2281 arte
650 2219 761 2293 vales;
786 2227 866 2300 opta
881 2218 985 2280 ardua
1001 2217 1121 2299 pennis

250 2320 353 2383 Astra
370 2321 471 2404 sequi,
490 2322 706 2405 clausumque
723 2343 804 2386 cava
820 2332 853 2386 te
869 2323 1012 2385 condere
1029 2320 1146 2384 terra.'’

251 2424 311 2486 Ille
328 2435 428 2505 caput
445 2446 627 2507 quassans:
654 2428 762 2490 “Non
780 2447 833 2489 me
849 2435 906 2490 tua
922 2426 1052 2489 fervida
1067 2434 1192 2488 terrent

162 2537 209 2603 895
253 2528 361 2604 Dicta,
379 2529 491 2606 ferox;
517 2530 550 2592 di
567 2551 618 2594 me
635 2540 760 2594 terrent
776 2541 809 2593 et
827 2531 977 2612 luppiter
993 2529 1128 2592 hostis.’'

253 2633 324 2695 Nec
341 2633 436 2713 plura
453 2635 585 2706 effatus,
605 2655 721 2696 saxum
738 2634 961 2716 circumspicit
977 2635 1106 2715 ingens,

252 2736 376 2800 Saxum
394 2738 575 2821 antiquum,
593 2738 722 2818 ingens,
740 2758 859 2820 campo
876 2737 964 2820 quod
980 2739 1066 2800 forte
1084 2737 1220 2812 iacebat,

254 2841 366 2904 Limes
383 2862 462 2922 agro
480 2841 616 2923 positus,
636 2842 725 2904 litem
744 2852 780 2905 ut
796 2843 999 2906 discerneret
1015 2841 1103 2904 arvis
1117 2862 1124 2916 ;

251 2946 315 3008 Vix
331 2945 411 3007 iliud
427 2944 502 3008 lecti
519 2945 569 3007 bis
586 2965 643 3008 sex
660 2947 788 3009 cervice
805 2946 962 3021 subirent,

162 3071 212 3118 900
252 3049 374 3130 Qualia
389 3069 476 3110 nunc
494 3049 665 3112 hominum
683 3050 836 3130 producit
852 3071 991 3132 corpora
1007 3050 1123 3125 tellus;

254 3153 430 3215 Illemanu
448 3163 580 3234 raptum
598 3153 728 3235 trepida
744 3154 919 3236 torquebat
934 3155 968 3216 in
986 3155 1126 3228 hostem,

251 3255 361 3318 Altior
378 3255 555 3338 insurgens
572 3268 605 3321 et
621 3278 719 3320 cursu
736 3259 885 3321 concitus
902 3258 1008 3321 heros.
1115 3306 1118 3311 -

253 3360 319 3422 Sed
335 3381 444 3442 neque
462 3371 646 3424 currentem
665 3382 779 3424 senec
797 3358 968 3442 cognoscit
984 3371 1129 3435 euntem,
1194 3353 1196 3357 ’

251 3463 483 3527 Tollentemve
500 3485 617 3527 manus
634 3485 815 3547 saxumque
832 3466 976 3528 immane
993 3474 1179 3527 moventem
1195 3482 1202 3536 ;

163 3588 210 3640 905
253 3566 371 3629 Genua
388 3568 511 3644 labant,
529 3568 660 3648 gelidus
677 3569 843 3632 concrevit
859 3569 983 3650 frigore
1000 3570 1146 3650 sanguis.
1214 3621 1216 3624 .

252 3669 338 3733 Tum
356 3671 440 3753 lapis
456 3674 527 3754 ipse
544 3672 613 3749 viri,
631 3692 772 3750 vacuum
791 3693 850 3753 per
866 3674 965 3736 inane
981 3673 1123 3747 volutus

254 3773 326 3838 Nec
344 3776 487 3854 spatium
504 3778 610 3839 evasit
627 3785 742 3850 totum,
761 3796 868 3860 neque
885 3775 1021 3858 pertulit
1036 3775 1146 3841 ictum.
