2822 4294
560 215 716 268 VERGlLl
744 215 942 268 AENEIDOS

283 394 414 477 Pauper
428 395 463 458 in
478 414 570 458 arma
589 404 683 477 pater
700 404 813 477 primis
831 397 894 458 hric
912 396 1000 458 misit
1014 394 1057 457 ab
1073 401 1177 457 annis.

283 499 373 562 Dum
390 500 501 563 siebat
516 507 621 581 regne
637 499 812 563 incolumis
828 506 1012 582 regumque
1027 498 1159 580 vigebat

281 603 446 680 Conciliis‚
464 613 499 667 et
514 612 575 666 nes
592 604 726 686 aliquod
743 612 931 686 nemenque
946 604 1115 685 decusque

281 708 464 772 Gessimus.
517 707 647 771 Invidia
663 719 840 790 postquam
859 708 994 790 pellacis
1013 707 1152 771 Ulixi—

282 813 385 874 Haud
401 813 516 894 ignota
532 813 701 895 loquor-
712 823 841 896 superis
857 813 1021 876 concessit
1037 813 1079 875 ab
1095 821 1168 886 oris

280 916 447 980 Adflictus
463 927 565 979 vitam
582 917 616 979 in
632 919 779 980 tenebris
797 920 953 999 liictrique
971 915 1153 990 trahebam,

281 1021 325 1083 Et
341 1028 455 1084 casum
472 1022 612 1084 insontis
629 1029 759 1084 mecum
776 1022 975 1103 indignabar
990 1031 1093 1083 amici.

281 1126 353 1189 Nec
371 1135 459 1188 tacui
475 1126 622 1201 demens,
640 1136 675 1188 et
689 1134 752 1201 rne,
769 1127 840 1188 fors
856 1136 884 1188 si
900 1147 966 1209 qua
982 1126 1119 1200 tulisset,

280 1230 317 1294 Si
333 1232 457 1312 patrios
474 1251 632 1313 umquam
650 1238 851 1294 remeessem
868 1230 971 1293 victor
987 1230 1028 1292 ad
1045 1231 1166 1311 Argos,

281 1334 419 1397 Premisi
435 1336 584 1410 ulterem,
602 1345 637 1398 ct
653 1335 762 1398 verbis
778 1335 854 1398 odia
870 1355 989 1415 aspera
1006 1342 1101 1396 movi.

281 1439 371 1501 Hinc
388 1438 469 1513 mihi
486 1449 592 1520 prima
609 1439 687 1501 mali
702 1439 802 1516 labes,
821 1439 897 1501 hinc
916 1459 1046 1520 semper
1064 1439 1178 1502 Ulixes

280 1543 481 1607 Criminibus
497 1551 621 1606 terrere
638 1553 741 1618 novis,
760 1543 837 1606 hinc
854 1562 1012 1624 spargere
1030 1549 1127 1604 voces

281 1648 320 1709 ln
338 1648 473 1728 vulgum
492 1647 675 1729 ambiguas,
692 1658 727 1710 et
742 1667 902 1729 quaerere
918 1648 1070 1709 conscius
1087 1667 1185 1708 arma.

281 1752 353 1814 Nec
371 1753 532 1833 requievit
548 1751 646 1827 enim,
665 1752 771 1816 denec
788 1751 972 1816 Calchante
994 1749 1191 1813 ministro-

280 1855 346 1918 Sed
363 1856 442 1937 quid
461 1875 523 1936 ego
541 1856 623 1919 haec
641 1865 751 1918 autern
769 1866 968 1938 nequiquam
992 1856 1122 1936 ingrata
1139 1855 1294 1918 revolvo?

280 1958 412 2040 Quidve
430 1979 547 2035 moror,
566 1970 594 2022 si
610 1967 725 2022 omnes
743 1966 809 2021 rino
825 1960 940 2022 ordine
958 1958 1262 2032 habetis·Achivos,

281 2062 386 2145 idque
403 2063 517 2126 audire
534 2074 585 2126 sat
601 2064 675 2126 est?
723 2064 921 2126 Iamdudum
939 2065 1058 2126 sumite
1075 2069 1217 2144 poenas;

280 2167 355 2229 Hec
375 2168 512 2230 Ithacus
527 2169 615 2242 velit,
633 2179 666 2230 et
683 2175 806 2249 magne
823 2179 1010 2231 mercentur
1027 2168 1196 2230 Atridae.¹’

322 2272 407 2334 Turn
425 2279 504 2334 vero
518 2272 674 2335 erdemus
690 2280 801 2335 scitari
816 2282 850 2335 et
865 2292 1024 2354 quaerere
1041 2278 1137 2334 casus

279 2378 394 2457 Ignari
410 2377 572 2439 scelerum
588 2384 756 2439 tanterum
773 2377 918 2458 artisque
938 2378 1104 2457 Pelasgae.

280 2481 493 2562 Prosequitur
510 2480 673 2562 pavitans,
691 2491 725 2544 et
742 2482 822 2543 ficte
840 2490 972 2561 pectore
990 2481 1096 2542 latur:

323 2589 340 2615 “
354 2583 462 2665 Saepe
480 2585 596 2665 lugam
617 2587 727 2647 Danai
743 2586 843 2648 Troia
858 2585 992 2666 cupiere
1010 2585 1120 2646 relicte

279 2689 390 2750 Meliri
404 2699 438 2751 et
454 2689 555 2770 longo
571 2691 652 2752 fessi
668 2689 837 2752 discedere
852 2689 958 2764 bello;

279 2792 518 2874 Fecissentque
536 2795 679 2856 utinam!
706 2814 806 2875 saepe
824 2793 896 2855 illes
912 2813 1031 2874 aspera
1048 2802 1141 2873 ponti

279 2898 471 2960 Interclrisit
488 2897 603 2973 hiems,
619 2908 651 2961 et
668 2900 784 2961 terruit
800 2899 927 2960 Auster
947 2905 1072 2960 euntes.

278 3003 467 3083 Praecipue,
486 3022 561 3064 cum
578 3004 644 3064 iarn
662 3004 713 3064 hic
730 3002 878 3065 trabibus
895 3011 1069 3065 contextus
1085 3011 1215 3063 acernis

277 3105 387 3169 Steret
403 3126 517 3188 equus,
535 3115 606 3169 teto
622 3113 806 3169 sonuerunt
822 3108 956 3169 aethere
972 3106 1083 3169 nimbi.

278 3209 439 3290 Suspensi
459 3210 666 3296 Eurypylum
685 3221 858 3273 scitantem
877 3211 1010 3272 oracula
1028 3209 1151 3273 Phoebi

277 3313 450 3389 Mittimus
471 3314 564 3397 isque
581 3316 690 3398 adytis
708 3318 790 3378 haec
808 3315 914 3377 tristia
931 3315 1019 3377 dicta
1035 3323 1199 3395 reportat:

277 3417 477 3499 “Sanguine
496 3418 653 3500 plecestis
671 3428 787 3482 ventes
804 3429 837 3482 et
854 3421 981 3500 virgine
998 3424 1103 3493 caesai,

276 3522 361 3585 Cum
380 3531 521 3602 primurn
538 3509 668 3598 iliacas,
689 3525 808 3598 Danai
825 3524 962 3586 venistis
979 3524 1022 3585 ad
1037 3530 1129 3594 ores3

278 3625 448 3702 Sanguine
466 3627 646 3706 quaerendi
663 3626 795 3702 reditus,
814 3627 990 3708 animeque
1007 3627 1164 3689 litandum

278 3726 467 3805 Argolice.’'
516 3728 617 3806 Vulgi
633 3748 718 3808 quae
734 3737 796 3790 vox
813 3739 848 3792 ut
864 3730 954 3792 venit
969 3730 1011 3792 ad
1027 3737 1131 3803 aures,
