2800 4286
201 295 265 358 240
557 279 715 332 VERGlLl
742 277 941 331 AENEIDOS

289 464 382 526 Inter
398 462 467 524 lora
483 469 640 541 rotasque
657 458 753 534 viros,
772 457 869 520 simul
885 477 977 519 arma
993 457 1112 534 iacere,

287 568 376 631 Vina
392 566 498 629 simul.
547 566 638 627 Prior
656 563 858 647 Hyrtacides
875 563 920 624 sic
937 581 994 624 ora
1010 561 1165 624 locutus:

200 697 249 747 320
290 677 307 704 “
320 672 474 756 Euryale,
492 669 681 732 audendum
699 669 833 743 dextra;
859 687 947 729 nune
964 667 1037 746 ipsa
1054 676 1153 728 vocat
1170 688 1231 730 res,

289 777 364 839 Hac
382 775 443 838 iter
459 783 518 838 est.
566 775 628 848 Tu,
645 793 687 834 ne
704 793 769 853 qua
786 791 904 833 manus
921 791 957 833 se
975 771 1127 833 attollere
1145 773 1241 836 nobis

288 881 321 943 A
337 891 433 962 tergo
451 881 563 962 possit,
582 879 711 941 custodi
728 889 761 941 et
778 879 914 942 consule
932 881 1050 962 longe;

290 987 385 1048 Haec
402 1006 465 1066 ego
482 994 577 1046 vasta
594 983 689 1058 dabo,
707 993 741 1045 et
758 984 824 1046 lato
841 993 874 1046 te
890 985 994 1048 limite
1011 987 1165 1049 ducam.'’

332 1090 387 1154 Sic
395 1099 566 1164 memorat,
577 1108 760 1169 vocemque
773 1088 909 1168 premit3
924 1090 1020 1152 simul
1032 1111 1113 1153 ense
1126 1091 1301 1172 superbum

201 1217 247 1270 325
290 1196 512 1257 Rhamnetem
530 1193 729 1274 aggreditur,
748 1194 804 1274 qui
821 1194 908 1256 forte
925 1195 1094 1276 tapetibus
1112 1195 1190 1258 altis
1294 1269 1297 1275 ι

290 1301 486 1363 Exstructus
503 1309 571 1362 toto
589 1301 751 1382 proflabat
770 1311 904 1381 pectore
921 1320 1083 1373 somnum,

225 1413 227 1418 “
290 1406 362 1467 Rex
378 1406 474 1479 idem,
493 1415 525 1467 et
541 1404 612 1486 regi
628 1407 742 1467 Turno
761 1405 968 1486 gratissimus
985 1423 1109 1485 augur;

289 1509 352 1573 Sed
371 1529 436 1572 non
454 1510 592 1589 augurio
610 1512 716 1591 potuit
733 1510 900 1590 depellere
918 1517 1055 1590 pestem.

288 1615 372 1675 Tres
388 1614 478 1674 iuxta
495 1614 639 1676 famulos
656 1623 782 1676 temere
799 1613 885 1676 inter
901 1614 967 1675 tela
984 1613 1132 1675 iacentes

201 1742 250 1791 330
289 1717 571 1798 Armigerumque
590 1718 688 1780 Remi
705 1720 825 1800 premit
843 1719 1060 1798 aurigamque
1077 1716 1140 1779 sub
1156 1717 1240 1798 ipsis

290 1823 419 1884 Nactus
435 1822 538 1903 equis,
557 1823 712 1903 ferroque
729 1832 819 1885 secat
837 1822 1018 1903 pendentia
1036 1821 1140 1896 colla;

289 1928 374 1988 Tum
392 1936 492 2006 caput
508 1927 571 2006 ipsi
589 1928 698 1989 aufert
715 1926 858 2001 domino,
877 1935 1096 2007 truncumque
1114 1925 1272 2007 relinquit

289 2032 460 2111 Sanguine
477 2031 735 2110 singultantem;
760 2039 831 2092 atro
847 2030 1018 2110 tepefacta
1035 2025 1153 2092 eiuore

288 2136 394 2198 Terra
410 2134 538 2216 torique
558 2135 701 2198 madent.
760 2135 831 2197 Nec
864 2154 930 2196 non
969 2133 1221 2217 Lamyrumque
1248 2134 1305 2195 La-

377 2259 532 2320 mumque

202 2365 248 2418 335
291 2344 334 2404 Et
350 2345 504 2405 iuvenem
523 2343 713 2417 Serranum,
730 2343 786 2404 illa
802 2343 858 2424 qui
875 2343 1016 2423 plurima
1032 2351 1131 2404 nocte

292 2447 442 2520 Luserat,
461 2446 600 2527 insignis
618 2448 712 2522 facie,
731 2447 901 2527 multoque
917 2445 1047 2509 iacebat

292 2550 444 2614 Membra
461 2551 523 2614 deo
539 2551 665 2614 victus:
690 2552 779 2625 felix,
798 2551 825 2613 si
841 2551 992 2632 protinus
1009 2549 1101 2612 illum

290 2655 481 2736 Aequasset
498 2657 586 2718 nocti
603 2656 715 2717 ludum
732 2657 766 2718 in
784 2655 958 2736 lucemque
976 2654 1115 2718 tulisset.

291 2759 461 2840 Impastus
478 2779 538 2822 eeu
556 2761 655 2841 plena
672 2760 724 2824 leo
741 2780 800 2840 per
817 2759 915 2822 ovilia
932 2759 1124 2822 turbans-

204 2886 252 2936 340
292 2862 418 2925 Suadet
435 2863 522 2926 enim
539 2884 664 2926 vesana
680 2865 838 2926 fames-
849 2865 1042 2945 manditque
1060 2863 1230 2946 trahitque

292 2967 395 3029 Molle
412 2988 515 3048 pecus
531 2978 725 3051 mutumque
742 2979 851 3043 metu;
876 2970 989 3031 fremit
1006 2989 1063 3031 ore
1080 2978 1228 3057 cruento.

337 3073 408 3134 Nec
425 3073 533 3136 minor
551 3073 687 3157 Euryali
704 3073 841 3136 caedes:
867 3073 1023 3136 incensus
1041 3082 1074 3135 et
1091 3071 1164 3154 ipse

293 3175 444 3250 Periurit,
463 3197 501 3238 ac
519 3177 655 3239 multam
673 3176 706 3238 in
724 3177 832 3240 medio
850 3179 920 3240 sine
938 3177 1072 3240 nomine
1092 3175 1235 3258 plebem,

293 3279 488 3362 Fadumque
523 3280 778 3363 Herbesumque
812 3281 900 3344 subit
942 3282 1178 3362 Rhoetumque
1222 3279 1306 3342 Aba·

379 3385 515 3466 rimque,

206 3510 252 3563 345
294 3488 455 3568 Ignaros;
482 3490 659 3565 Rhoetum,
678 3490 871 3571 vigilantem
888 3500 921 3553 et
939 3500 1060 3553 cuncta
1078 3489 1256 3564 videntem,

189 3607 192 3612 “
294 3592 361 3654 Sed
378 3613 537 3673 magnum
555 3604 707 3657 metuens
724 3615 759 3657 se
776 3604 852 3676 post
869 3605 997 3658 cratera
1017 3593 1172 3677 tegebat:

203 3751 209 3764 ‚
296 3696 432 3758 Pectore
449 3696 482 3758 in
500 3698 639 3760 adverso
657 3707 762 3761 totum
779 3700 833 3762 cui
850 3699 1034 3762 comminus
1052 3718 1167 3762 ensem

295 3798 451 3860 Condidit
466 3801 668 3880 adsurgenti,
687 3812 720 3865 et
736 3802 841 3866 multa
857 3812 962 3866 morte
980 3803 1113 3886 recepit.
