2800 4286
206 319 267 368 202
561 314 718 367 VERGILI
746 314 944 366 AENEIDOS

204 504 251 568 675
295 493 515 556 Descendunt
531 493 698 568 Centauri,
717 493 884 556 Homolen
902 493 1116 577 Othrquue
1134 493 1289 556 nivalem

293 597 500 678 Linquentes
517 617 615 660 cursu
633 598 766 679 rapido;
791 584 848 660 dat
864 597 1019 660 euntibus
1036 597 1158 678 ingens

293 701 384 765 Silva
400 702 518 777 locum,
536 712 569 765 et
586 721 708 782 magno
724 702 846 765 cedunt
862 701 1006 782 virgulta
1022 701 1167 781 fragore.

337 806 408 868 Nec
428 806 663 869 Praenestinae
679 806 836 868 fundator
851 806 958 868 defuit
975 805 1074 881 urbis,

291 908 444 973 Vulcano
461 909 610 991 genitum
628 930 748 993 pecora
764 911 850 972 inter
866 909 1011 990 agrestia
1027 930 1143 990 regem

203 1025 251 1075 680
294 1014 539 1095 Inventumque
557 1014 639 1077 locis
656 1014 763 1077 omnis
779 1034 879 1096 quem
895 1013 1035 1077 credidit
1051 1023 1155 1090 aetas,

292 1117 463 1182 Caeculus.
513 1120 615 1181 Hunc
631 1119 718 1199 legio
734 1119 800 1186 late
816 1120 993 1180 comitatur
1008 1118 1161 1199 agrestis,

292 1221 425 1303 Quique
442 1222 544 1284 altum
563 1222 741 1285 Praeneste
758 1224 826 1298 viri,
845 1221 967 1304 quique
983 1242 1062 1284 arva
1079 1222 1234 1286 Gabinae

294 1326 431 1388 Iunonis
448 1326 661 1408 gelidumque
680 1326 845 1389 Anienem
862 1335 895 1389 et
912 1325 1041 1388 roscida
1057 1326 1136 1388 rivis

293 1431 443 1494 Hernica
460 1451 538 1493 saxa
554 1432 676 1507 colunt,
694 1451 777 1512 quos
793 1429 885 1493 dives
902 1431 1062 1511 Anagnia
1078 1433 1198 1512 pascit,

204 1544 251 1610 685
295 1535 397 1616 Quos,
417 1536 587 1598 Amasene
604 1545 706 1616 pater.
756 1535 833 1597 Non
850 1534 913 1598 illis
928 1535 1083 1598 omnibus
1099 1555 1203 1610 arma,

293 1640 365 1702 Nec
382 1638 479 1720 clipei
495 1660 652 1703 currusve
669 1648 808 1716 sonant;
834 1660 910 1721 pars
927 1638 1070 1700 maxima
1087 1639 1230 1720 glandes

293 1743 442 1805 Liventis
460 1743 587 1824 plumbi
604 1743 749 1824 spargit3
775 1764 852 1824 pars
869 1743 996 1824 spicula
1012 1752 1125 1824 gestat

293 1847 377 1909 Bina
394 1867 512 1923 manu;
538 1847 714 1929 fulvosque
731 1847 857 1928 lupide
875 1847 960 1928 pelle
977 1848 1109 1928 galeros

291 1951 443 2031 Tegmen
462 1949 584 2013 habent
600 1951 719 2032 capiti3
743 1951 885 2032 vestigia
901 1949 990 2013 nuda
1007 1950 1133 2013 sinistri

204 2066 253 2127 690
293 2054 471 2117 Instituere
490 2055 593 2136 pediS,
612 2055 734 2116 crudus
751 2057 834 2136 tegit
850 2056 953 2117 altera
970 2075 1058 2136 pero.

336 2159 385 2220 At
401 2160 588 2240 Messapus,
605 2179 727 2240 equum
745 2159 896 2235 domitor,
916 2158 1087 2239 Neptunia
1105 2160 1226 2240 proles,

293 2263 402 2344 Quem
420 2283 529 2345 neque
546 2263 598 2325 fas
615 2264 685 2344 igni
701 2262 855 2345 cuiquam
873 2283 934 2325 nec
951 2272 1100 2325 sternere
1118 2263 1219 2338 ferro,

295 2368 366 2429 Iam
384 2367 512 2448 pridem
530 2367 655 2431 resides
673 2368 813 2448 populos
830 2367 1035 2448 desuetaque
1051 2367 1139 2430 bello

292 2471 442 2552 Agmina
459 2470 491 2532 in
509 2491 600 2533 arma
616 2481 713 2533 vocat
730 2470 848 2546 subito,
866 2473 1059 2552 ferrumque
1077 2479 1245 2533 retractat.

204 2587 251 2652 695
293 2576 341 2637 Hi
360 2575 586 2638 Fescenninas
603 2574 691 2638 acies
707 2595 898 2657 aequosque
916 2575 1074 2650 Faliscos,

294 2680 341 2743 Hi
359 2679 505 2743 Soractis
522 2679 646 2742 habent
662 2699 756 2741 arces
774 2679 991 2760 Flaviniaque
1008 2699 1095 2754 arva,

295 2784 338 2846 Et
356 2782 477 2847 Cimini
494 2804 569 2846 cum
585 2793 699 2846 monte
716 2783 824 2846 lacum
842 2785 999 2864 lucosque
1018 2783 1183 2864 Capenos

253 2875 257 2884 ¹
295 2886 393 2949 Ibant
410 2887 542 2970 aequati
559 2908 705 2963 numero,
723 2907 904 2970 regemque
921 2887 1104 2950 canebant:

294 2990 364 3055 Ceu
381 2991 549 3072 quondam
566 2991 655 3053 nivei
670 2991 794 3073 liquida
811 2991 895 3054 inter
911 2990 1024 3053 nubila
1041 2992 1141 3074 cycni*

206 3119 253 3170 700
295 3095 379 3160 Cum
398 3115 471 3158 sese
487 3116 505 3158 e
522 3105 620 3176 pastu
637 3096 788 3159 referunt
803 3105 837 3158 et
853 3097 953 3176 longa
970 3115 1108 3158 canoros

296 3199 387 3262 Dant
405 3219 465 3280 per
481 3199 565 3262 colla
582 3200 717 3276 modos;
743 3209 840 3262 sonat
856 3199 963 3263 amnis
979 3208 1012 3262 et
1029 3199 1113 3262 Asia
1131 3200 1230 3280 longe

295 3303 393 3366 Pulsa
410 3304 514 3385 palus.

296 3408 368 3470 Nec
385 3407 559 3490 quisquam
577 3418 706 3471 aeratas
722 3409 809 3471 acies
825 3429 866 3471 ex
882 3408 1016 3490 agmine
1032 3417 1125 3471 tanto

295 3511 431 3575 Misceri
447 3522 550 3593 putet,
569 3513 691 3574 aeriam
710 3513 767 3574 sed
785 3513 917 3593 gurgite
934 3512 975 3575 ab
993 3513 1059 3576 alto

208 3639 253 3690 765
295 3615 419 3693 Urgeri
434 3616 604 3677 volucrum
623 3635 796 3678 raucarum
813 3618 855 3679 ad
872 3618 968 3680 litora
984 3618 1115 3680 nubem.

341 3718 429 3778 Ecce
447 3716 645 3780 Sabinorum
663 3721 772 3799 prisco
789 3718 830 3781 de
848 3722 1010 3801 sanguine
1027 3740 1191 3801 magnum·

297 3819 432 3897 Agmen
453 3837 557 3898 agens
574 3820 714 3883 Clausus
735 3822 914 3904 magnique
934 3823 1005 3904 ipse
1025 3823 1167 3904 agminis
1187 3825 1290 3887 instar
1298 3846 1304 3901 ;
1390 3833 1391 3848 ¹
