2796 4282
480 317 594 374 nmen
620 317 793 390 Qumros

160 499 292 567 Oblitus
310 499 475 578 latorum,
495 503 643 566 Italasne
659 513 850 584 capesseret
866 522 950 567 oras.
1035 567 1038 574 ,
1063 475 1074 494 ⁸

159 607 243 670 Tum
260 606 377 692 senior
395 607 537 681 Nautes¹
556 627 664 686 unum
675 607 826 670 Tritonia
844 609 951 671 Pallas

87 735 124 786 705
161 712 268 794 Quem
285 711 404 774 docuit
420 711 591 793 multaque
607 710 771 792 insignem
789 712 932 776 reddidit
948 723 1071 776 arte-

162 816 255 878 Haec
272 835 441 896 responsa
457 814 567 891 dabat,
585 816 639 878 vel
654 835 740 896 quae
758 816 971 897 portenderet
986 819 1035 879 ira

163 922 290 1002 Magna
306 920 418 996 deum,
437 920 491 982 vel
507 939 593 1001 quae
610 920 754 982 latorum
771 930 925 1000 posceret
941 921 1075 984 ordo·-

163 1025 262 1106 lsque
278 1025 333 1086 his
351 1024 494 1090 Aenean
508 1025 638 1088 solatus
649 1023 792 1087 *vocibus
809 1024 898 1088 infit:

163 1129 281 1191 “Nate
297 1129 372 1203 dea,
391 1148 457 1210 quo
475 1129 545 1191 iata
560 1130 697 1210 trahunt
719 1129 966 1211 retrahuntque,
984 1149 1182 1212 sequamur;

86 1255 126 1305 710
162 1231 334 1314 Quidquid
350 1232 422 1307 erit,
441 1233 630 1314 superanda
646 1232 752 1296 omnis
768 1234 905 1295 fortuna
922 1233 1061 1296 ferendo
1077 1245 1137 1297 est.

163 1336 222 1399 Est
238 1336 299 1398 tibi
318 1336 511 1398 Dardanius
527 1336 657 1399 divinae
674 1336 786 1418 stirpis
802 1337 964 1400 Acestes:

162 1441 262 1503 Hunc
281 1460 366 1522 cape
382 1439 527 1503 consiliis
544 1441 668 1504 socium
686 1449 719 1503 et
734 1442 900 1522 coniunge
917 1443 1082 1504 volentem
1098 1463 1104 1518 ;

163 1543 251 1607 Huic
269 1544 375 1619 trade,
393 1543 523 1606 amissis
546 1554 706 1625 superant
722 1545 778 1626 qui
795 1545 943 1619 navibus,
962 1555 996 1608 et
1012 1567 1094 1628 quos

162 1648 357 1712 Pertaesum
375 1647 489 1728 magni
505 1648 629 1728 incepti
646 1639 822 1730 rerumque
838 1658 970 1712 tuarum
988 1659 1056 1724 est;

87 1774 124 1827 7¹5
163 1753 434 1833 Longaevosque
450 1771 547 1814 senes
563 1772 602 1815 ac
619 1753 727 1815 fessas
745 1773 888 1834 aequore
905 1763 1037 1828 matres,

163 1857 204 1918 Et
219 1856 384 1938 quidquid
402 1865 509 1918 tecum
527 1856 709 1919 invalidum
727 1869 945 1939 metuensque
964 1858 1079 1939 pericli
1095 1867 1154 1934 est,
1175 1873 1182 1887 ’

163 1960 293 2041 Delige‚
312 1970 346 2022 et
363 1961 415 2022 his
432 1959 582 2048 habeant·
593 1960 689 2023 terris
705 1961 778 2024 sine
795 1961 925 2024 moenia
942 1962 1038 2037 lessi;

162 2065 290 2128 Urbem
308 2064 529 2144 appellabunt
545 2065 706 2146 permisso
722 2065 857 2128 nomine
874 2066 1067 2128 Acestam.'’

203 2169 344 2231 Talibus
361 2168 516 2231 incensus
533 2169 630 2232 dictis
646 2170 786 2232 senioris
802 2169 908 2244 amici,

86 2295 126 2345 720
161 2274 248 2335 Turn
265 2274 395 2335 veroin
413 2292 509 2336 curas
525 2273 636 2336 animo
653 2273 819 2336 diducitur
835 2293 960 2340 omnes.

163 2377 205 2439 Et
223 2377 301 2439 Nox
318 2386 390 2438 atra
407 2375 519 2457 polum
535 2375 622 2460 bigis
639 2376 798 2439 subvecta
813 2376 968 2440 tenebat:

161 2483 241 2544 Visa
257 2481 381 2543 dehinc
398 2481 490 2543 caelo
508 2480 611 2544 iacies
628 2480 766 2560 delapsa
783 2481 929 2561 parentis

161 2585 333 2648 Anchisae
350 2584 459 2647 subito
468 2585 559 2659 tales
575 2583 749 2648 effundere
766 2605 884 2647 voces:

205 2695 222 2721 “
235 2689 335 2765 Nate,
353 2688 435 2750 mihi
449 2689 518 2751 vita
534 2689 712 2770 quondam,
730 2688 809 2755 dum
826 2689 893 2750 vita
911 2689 1077 2765 manebat,
1102 2687 1104 2691 ’

84 2813 123 2866 725
160 2795 245 2858 Care
262 2793 380 2873 magis,
398 2803 484 2869 nate,
504 2793 613 2856 iliacis
630 2793 773 2856 exercite
788 2793 876 2868 fatie,

162 2897 309 2980 Imperio
327 2896 417 2960 Iovis
434 2898 498 2960 huc
514 2899 620 2971 venio,
640 2897 696 2978 qui
712 2896 874 2960 classibus
891 2896 1003 2978 ignem

162 3001 310 3083 Depulit,
327 3010 362 3063 et
379 3001 471 3063 caelo
487 3001 623 3064 tandem
640 3001 816 3063 miseratus
832 3000 874 3062 ab
891 3002 958 3063 alto
975 3009 1034 3063 est.

161 3105 317 3169 Consiliis
333 3125 423 3186 pare,
441 3125 526 3187 quae
542 3125 631 3167 nunc
649 3104 872 3186 pulcherrima
890 3105 1018 3168 Nautes

161 3211 230 3272 Dat
246 3210 378 3285 senior;
402 3209 506 3272 lectos
521 3209 667 3285 iuvenes,
684 3209 866 3272 fortissima
881 3209 990 3283 corda,

82 3336 123 3384 730
162 3315 269 3376 Defer
285 3313 319 3375 in
337 3313 485 3388 Italiam;
510 3333 594 3394 gens
610 3314 693 3376 dura
708 3323 808 3395 atque
824 3332 944 3394 aspera
960 3313 1050 3376 cultu

162 3417 373 3481 Debellanda
389 3417 448 3480 tibi
465 3418 563 3480 Latio
579 3428 637 3481 est.
687 3417 774 3482 Ditis
789 3427 902 3480 tamen
919 3426 997 3480 ante

162 3523 319 3585 Infernas
335 3523 457 3586 accede
474 3523 599 3598 domos,
617 3532 650 3586 et
668 3523 805 3585 Averna
820 3541 881 3603 per
897 3522 964 3584 alta

160 3627 371 3708 Congressus
388 3636 473 3708 pete,
491 3636 578 3701 nate,
596 3647 697 3689 meos.
747 3627 824 3688 Non
841 3645 893 3688 me
909 3624 1013 3705 impia
1036 3643 1181 3706 namque
1205 3634 1209 3643 '

160 3732 300 3793 Tartara
319 3729 444 3794 habent
459 3731 569 3792 tristes
586 3730 732 3804 umbrae,
751 3731 809 3792 sed
826 3746 966 3792 amoena
984 3728 1113 3810 piorum

84 3855 123 3908 735
161 3817 312 3899 Concilia
330 3833 546 3915 Elysiumque
563 3834 643 3896 colo
694 3833 771 3896 Huc
788 3833 880 3894 casta
897 3831 1024 3908 Sibylla
