2796 4282
211 333 273 402 150
564 323 723 377 vanem
749 323 948 378 nauaroos

291 505 393 570 Unde
408 524 514 586 genus
530 503 633 566 ducis.
682 504 792 566 Merui
808 523 958 584 quoque;
981 525 1088 588 saepe
1105 507 1236 594 furores

292 608 483 691 Compressi
498 616 533 671 et
548 607 673 670 rabiem
690 615 816 670 tantam
833 607 982 690 caelique
999 611 1180 693 marisque.

292 714 364 778 Nec
380 712 487 776 minor
503 711 537 774 in
552 712 657 787 terris,
677 711 851 774 Xanthum
869 711 1109 802 ⁸Simoentaque
1128 725 1240 793 testor,

290 819 429 882 Aeneae
445 817 526 878 mihi
542 835 621 880 cura
637 816 693 877 tui.
742 815 827 879 Cum
844 816 945 878 Trola
962 815 1116 882 Achilles
1160 834 1162 838 ’

201 936 248 1002 805
291 924 489 986 Exanimata
505 940 648 1003 sequens
663 919 863 1000 impingeret
879 922 1015 1000 agmina
1032 923 1146 999 muria,

291 1027 386 1090 Milia
401 1026 505 1088 multa
521 1025 615 1087 daret
630 1024 705 1098 leto,
724 1033 963 1105 gemerentque
980 1026 1098 1107 repleti

289 1132 428 1206 Amnes,
445 1150 508 1192 nec
524 1127 669 1211 reperire
684 1127 772 1191 viam
788 1137 889 1210 atque
905 1130 1058 1192 evolvere
1075 1141 1193 1212 posset

292 1235 331 1297 In
349 1255 439 1297 mare
455 1253 491 1296 se
508 1233 674 1308 Xanthus,
693 1232 825 1296 Pelidae
841 1241 921 1295 tunc
938 1253 1001 1314 ego
1016 1235 1096 1298 forti

290 1339 516 1420 Congressum
533 1337 672 1400 Aenean
689 1355 752 1400 nec
767 1335 818 1398 dis
834 1356 897 1399 nec
913 1336 1038 1400 viribus
1054 1340 1173 1421 aequis

201 1456 249 1506 810
292 1443 391 1506 Nube
406 1463 489 1505 cava
505 1441 611 1522 rapui,
628 1459 786 1522 cuperem
801 1460 878 1504 cum
894 1451 1024 1504 vertere
1041 1443 1083 1504 ab
1099 1443 1167 1507 imo

290 1547 424 1610 Structa
440 1545 522 1608 meis
538 1544 691 1607 manibus
707 1545 859 1625 periurae
875 1545 1007 1607 moenia
1023 1546 1155 1610 Troiae.

288 1651 390 1712 Nunc
403 1669 535 1740 qnoque
548 1669 643 1712 mens
655 1648 771 1711 eadem
784 1658 913 1730 perstat
925 1649 1023 1726 mihi;
1045 1651 1134 1731 pelle
1146 1653 1303 1717 timorem.

289 1755 406 1830 Tutus,
425 1774 508 1836 quos
525 1762 631 1834 optas,
649 1761 764 1834 portus
780 1752 918 1816 accedet
935 1753 1071 1816 Averni.

291 1860 389 1922 Unus
406 1858 467 1922 erit
482 1866 621 1932 tantum,
639 1851 798 1918 amissum
814 1876 914 1937 quem
930 1857 1063 1937 gurgite
1080 1879 1243 1940 quaeres;

103 1971 110 1988 ⁰
201 1975 249 2040 815
291 1963 406 2026 Unum
423 1981 483 2043 pro
499 1959 612 2023 multis
628 1959 760 2023 dabitur
775 1958 907 2042 caput.''

335 2067 399 2128 His
415 2065 472 2129 ubi
488 2065 575 2127 laeta
590 2065 673 2127 deae
689 2063 865 2145 permulsit
880 2074 1017 2145 pectora
1033 2065 1140 2141 dictis,

292 2171 406 2250 lungit
422 2189 526 2250 equos
542 2189 622 2231 auro
638 2167 779 2249 genitor,
797 2168 1054 2250 spumantiaque
1071 2169 1165 2232 addit

291 2275 401 2336 Frena
417 2273 506 2348 feriS,
524 2272 742 2353 manibusque
758 2291 875 2333 omnes
890 2271 1033 2333 effundit
1050 2273 1210 2338 habenas.

292 2378 452 2443 Caeruleo
468 2397 528 2459 per
544 2395 673 2438 summa
689 2364 770 2437 levis
786 2376 877 2438 volat
893 2395 1037 2456 aequora
1052 2397 1172 2454 curru;

202 2494 257 2544 820¹
292 2481 476 2546 Subsidunt
491 2480 610 2555 undae,
628 2479 858 2561 tumidumque
874 2479 935 2542 sub
952 2499 1013 2542 axe
1029 2481 1161 2544 tonanti
1212 2479 1214 2484 ’

291 2585 457 2648 Sternitur
473 2583 715 2665 aequor'aquis,
732 2583 868 2664 fugiunt
882 2593 977 2646 vasto
994 2584 1130 2648 aethere
1146 2586 1259 2649 nimbi.

291 2691 377 2752 Turn
394 2689 505 2752 variae
521 2688 679 2750 comitum
696 2686 808 2761 facies
826 2686 984 2749 immania
1000 2697 1082 2763 cete,

293 2795 337 2857 Et
353 2792 463 2856 senior
478 2791 596 2856 Glauci
612 2792 742 2865 chorus,
761 2791 931 2872 Inousque
949 2791 1138 2867 Palaemon,

291 2898 513 2979 Tritonesque
529 2894 594 2971 citi,
613 2893 798 2976 Phorcique
815 2894 979 2956 exercitus
991 2896 1122 2971 ¹omnis;

115 3064 117 3068 ,
204 3014 252 3079 825
295 3002 407 3064 Laeva
423 3009 516 3063 tenet
531 2999 657 3073 Thetis,
676 3007 710 3060 et
727 2998 851 3072 Melite,
871 2999 1093 3081 Panopeaque
1109 3001 1216 3082 virgo,

295 3105 434 3179 Nesaee,
453 3103 610 3185 Spioque,
628 3101 823 3182 Thaliaque,
842 3102 1107 3185 Cymodoceque.

339 3313 404 3375 Hic
420 3313 525 3394 patris
542 3313 681 3374 Aeneae
697 3331 894 3392 suspensam
911 3310 1035 3374 blanda
1049 3310 1195 3374 vicissim

294 3417 423 3480 Gaudia
439 3424 665 3498 pertemptant
683 3424 827 3477 mentem
841 3433 847 3490 ;
871 3415 962 3477 iubet
978 3413 1069 3504 ocius
1087 3434 1205 3478 omnes

293 3520 413 3582 Attolli
429 3521 543 3594 malos
561 3520 689 3583 intendi
704 3518 861 3590 bracchia
875 3518 966 3580 velis

206 3634 254 3696 830
295 3623 375 3684 Una
391 3642 506 3684 omnes
522 3623 634 3684 fecere
651 3623 780 3702 pedem,
798 3622 987 3702 pariterque
1004 3623 1165 3698 sinistros

297 3723 397 3783 Nunc
413 3723 543 3785 dextros
560 3724 687 3787 solvere
703 3724 813 3798 sinus;
838 3745 903 3786 una
919 3722 1024 3788 ardua
1038 3735 1198 3808 torquent
1222 3783 1226 3790 .

299 3822 432 3884 Cornua
448 3823 729 3907 detorquentque;
755 3827 867 3890 ferunt
883 3847 942 3890 sua
959 3828 1093 3892 flamina
1109 3831 1260 3895 classem.
