2796 4282
207 275 269 323 120
561 265 718 317 VERGILI
746 265 945 319 AENEIDOS

294 447 423 509 Rursus
440 465 539 526 agam
556 445 688 527 pelag0,
705 454 739 508 et
755 445 862 508 ventis
879 445 958 509 dare
974 447 1049 509 vela
1066 445 1213 510 iubebo?

293 551 383 632 Quin
401 569 538 625 morere,
557 558 592 612 ut
610 550 725 611 merita
741 569 786 626 es,
805 549 960 632 ferroque
978 560 1090 614 averte
1108 551 1267 614 dolorem.

292 656 343 718 Tu
361 654 504 717 lacrimis
521 655 628 716 evicta
647 653 737 728 meiS,
755 662 791 716 tu
809 652 915 734 prima
933 654 1098 718 [urentem

293 760 367 835 His,
385 778 554 840 germana,
573 757 667 820 malis
684 777 802 820 oneras
819 765 918 839 atque
935 758 1037 822 obicis
1055 759 1153 822 hosti.
1268 803 1278 832 0

206 890 252 944 55ο
294 865 371 926 Non
389 862 480 926 licuit
495 863 633 925 thalami
650 872 820 943 expertem
838 862 909 925 sine
926 863 1063 926 crimine
1079 865 1185 926 vitam

294 969 436 1049 Degere,
454 987 545 1030 more
562 967 663 1042 ferae,
680 967 764 1029 tales
780 986 841 1030 nec
859 975 998 1048 tangere
1014 968 1133 1031 curas!

293 1073 370 1135 Non
388 1080 519 1134 servata
536 1071 626 1146 fides,
645 1070 748 1133 cineri
765 1073 928 1152 promissa
945 1071 1116 1155 Sychaeo!
1130 1072 1147 1096 ”

292 1178 419 1239 Tantos
435 1176 491 1238 illa
508 1196 568 1238 suo
585 1175 762 1256 rumpebat
779 1185 913 1257 pectore
932 1185 1076 1258 questus.

335 1385 470 1447 Aeneas
486 1383 575 1445 celsa
591 1383 624 1444 in
642 1381 756 1464 puppi,
774 1382 838 1444 iam
856 1391 966 1446 certus
983 1383 1092 1459 eundi,

206 1514 249 1567 555
290 1487 461 1568 Carpebat
476 1486 739 1561 somnos,rebus
756 1486 821 1548 iam
840 1486 901 1548 rite
918 1489 1050 1568 paratis,

293 1593 380 1655 Huic
398 1611 433 1654 se
451 1591 558 1654 forma
575 1589 629 1654 dei
644 1591 737 1653 vultu
754 1590 924 1653 redeuntis
940 1593 1055 1654 eodem

291 1697 422 1761 Obtulit
438 1697 471 1758 in
488 1694 622 1770 somniS,
641 1714 820 1777 rursusque
837 1696 882 1758 ita
899 1695 970 1758 visa
987 1716 1120 1761 monere
1138 1708 1201 1773 est,

291 1801 414 1865 Omnia
433 1798 599 1863 Mercurio
616 1798 740 1874 similis,
757 1818 941 1881 vocemque
958 1801 1170 1884 coloremque

292 1907 335 1968 Et
351 1905 459 1968 crines
476 1905 579 1967 flavos
596 1913 629 1966 et
645 1903 794 1966 membra
810 1905 930 1968 decora
946 1904 1097 1968 iuventa:

205 2024 250 2089 560
337 2011 455 2072 “Nate
473 2010 545 2084 dea,
564 2016 658 2090 potes
675 2009 738 2071 hoc
755 2008 816 2071 sub
833 2028 913 2071 casu
930 2009 1050 2072 ducere
1067 2029 1215 2086 somnOS,

293 2115 374 2190 Nec,
392 2133 477 2196 quae
493 2123 526 2176 te
543 2113 666 2176 circum
685 2122 775 2176 stent
790 2112 911 2176 deinde
929 2113 1083 2194 pericula,
1101 2115 1222 2191 cerniS,

293 2220 449 2294 Demens
467 2238 528 2281 nec
546 2217 719 2302 Zephyros
736 2218 830 2280 audis
847 2219 974 2298 spirare
990 2218 1178 2281 secundos?

292 2323 353 2384 Illa
369 2322 463 2384 dolos
479 2322 654 2403 dirumque
672 2321 768 2383 nefas
785 2322 818 2382 in
835 2330 970 2403 pectore
986 2330 1106 2397 versat,

291 2428 391 2490 Certa
407 2426 498 2501 mori,
516 2427 673 2507 varioque
690 2425 812 2486 irarum
830 2424 968 2487 fluctuat
984 2436 1087 2488 aestu.

205 2544 249 2611 565
293 2531 369 2594 Non
386 2531 476 2612 fugis
493 2530 570 2593 hinc
587 2520 760 2611 praeceps
778 2530 857 2591 dum
876 2529 1095 2611 praecipitare
1113 2533 1286 2612 potestas?

293 2636 364 2720 Iam
381 2654 471 2697 mare
487 2633 613 2697 turbari
629 2633 787 2709 trabibus
806 2653 990 2715 saevasque
1007 2633 1134 2697 videbis

291 2739 475 2804 Conlucere
492 2739 593 2814 faces,
611 2738 676 2800 iam
693 2738 823 2800 fervere
841 2737 937 2800 litora
954 2737 1103 2813 flammis,

291 2844 327 2908 Si
344 2853 376 2906 te
393 2842 444 2905 his
461 2842 608 2924 attigerit
625 2843 720 2905 terris
736 2842 869 2904 Aurora
887 2851 1080 2905 morantem.
1195 2911 1197 2916 ,

293 2949 381 3010 Heia
400 2967 472 3029 age,
491 2967 607 3028 rumpe
627 2967 745 3009 moras.
794 2946 934 3009 Varium
950 2955 983 3009 et
1001 2945 1158 3010 mutabile
1177 2967 1311 3028 semper

201 3079 251 3131 -570
293 3052 461 3115 Femina.”
510 3051 565 3115 Sic
583 3052 673 3114 fatus
690 3053 832 3114 noctise
850 3050 1027 3113 immiscuit
1044 3060 1142 3113 atrae.

334 3158 421 3219 Tum
437 3176 516 3220 vero
533 3157 678 3232 Aeneas,
697 3155 813 3219 subitis
830 3154 1005 3218 exterritus
1022 3155 1155 3230 umbriS,

291 3261 436 3342 Corripit
452 3281 470 3324 e
487 3281 604 3324 somno
620 3281 740 3341 corpus
757 3260 931 3342 sociosque
948 3259 1086 3340 fatigat:

292 3366 525 3448 “Praecipites
542 3365 686 3446 vigilate,
703 3365 773 3441 viri,
791 3374 824 3428 et
842 3364 1003 3428 considite
1020 3363 1191 3440 transtris;

294 3471 418 3535 Solvite
435 3471 509 3534 vela
526 3470 589 3533 citi.
639 3471 732 3532 Deus
749 3471 885 3532 aethere
902 3469 1022 3532 missus
1038 3468 1080 3530 ab
1097 3468 1164 3530 alto

207 3601 251 3653 575
294 3577 467 3638 Festinare
485 3575 599 3655 fugam
617 3583 787 3656 tortosque
803 3573 947 3636 incidere
964 3573 1063 3636 funes

296 3680 383 3741 Ecce
400 3679 518 3740 iterum
536 3678 691 3739 stimulat.
740 3677 917 3758 Sequimur
934 3687 975 3752 te,
994 3686 1108 3740 sancte
1125 3677 1274 3753 deorum,

295 3782 454 3866 Quisquis
470 3800 514 3856 eS,
534 3780 737 3862 imperioque
755 3781 870 3842 iterum
889 3799 1043 3863 paremus
1061 3790 1210 3844 ovantes
