2796 4282
490 313 604 366 LlssER
631 314 783 366 SEXTUS
1125 320 1179 386 171

150 489 204 552 Bis
221 500 321 572 patet
337 492 377 554 in
396 511 564 574 praeceps
580 501 710 557 tantum
726 494 899 576 tenditque
915 494 977 556 sub
994 491 1137 566 umbras,

150 592 313 675 Quantus
331 596 379 660 ad
397 597 585 660 aetherium
603 597 684 661 caeli
701 607 876 678 suspectus
893 598 1086 681 Olympum.

73 705 114 769 580
193 699 263 762 Hic
282 719 401 781 genus
418 699 592 782 antiquum
609 702 742 776 Terrae,
760 701 893 764 Titania
909 701 1024 782 pubes,

152 803 315 866 Fulmine
332 803 459 867 deiecti
475 804 581 866 tundo
596 805 776 868 volvuntur
791 804 825 866 in
840 805 916 867 imo.

153 905 221 970 Hic
237 918 276 972 et
294 907 444 972 Aloidas
460 909 612 989 geminos
627 895 784 972 imm'ahia
799 908 866 972 vidi

153 1011 323 1094 Corpora,
342 1013 401 1093 qui
418 1011 572 1074 manibus
589 1031 747 1092 magnum
765 1012 952 1076 rescindere
969 1014 1098 1076 caelum

154 1115 340 1197 Aggressi,
359 1115 557 1198 superisque
574 1117 688 1180 Iovem
705 1117 880 1180 detrudere
897 1119 1018 1197 regnis,

75 1228 117 1292 585
155 1220 237 1283 Vidi
254 1229 292 1283 et
307 1221 464 1284 crudeles
479 1220 614 1283 dantem
633 1221 811 1284 Salmonea
828 1241 964 1302 poenaS,

159 1324 255 1386 Dum
272 1325 429 1386 flammas
447 1325 536 1387 Iovis
552 1334 585 1387 et
601 1326 730 1388 sonitus
746 1326 893 1387 imitatur
909 1321 1055 1410 Olympi,

103 1495 106 1500 ,
160 1428 334 1510 Quattuor
351 1427 406 1491 hic
423 1427 574 1491 invectus
590 1427 683 1510 equis
699 1438 732 1491 et
749 1429 905 1510 lampada
922 1449 1085 1510 quassans

164 1532 229 1594 Per
244 1533 385 1596 Graium
403 1532 545 1614 populos
561 1531 756 1614 mediaeque
773 1553 833 1614 per
850 1532 954 1594 Elidis
970 1532 1085 1594 urbem

164 1635 241 1698 Ibat
257 1654 375 1712 ovans,
393 1637 573 1718 divumque
590 1623 651 1698 sibi
668 1637 827 1716 poscebat
844 1637 1013 1711 honorem,

70 1761 128 1812 ‚590
167 1740 337 1804 Demens!
363 1739 420 1821 qui
436 1739 568 1802 nimbos
584 1750 617 1803 et
633 1761 700 1802 non
717 1741 875 1803 imitabile
891 1740 1020 1802 fulmen

169 1844 256 1906 Aere
272 1855 308 1906 et
323 1844 543 1925 cornipedum
562 1844 659 1926 pulsu
671 1845 840 1907 simularet
857 1863 1026 1926 equorum.
1099 1882 1102 1888 ·

170 1949 215 2011 At
230 1959 328 2030 pater
346 1947 558 2029 omnipotens
574 1949 678 2010 densa
693 1949 779 2011 inter
796 1949 909 2010 nubila
925 1949 1028 2010 telum

137 2072 139 2076 ·
168 2053 348 2128 contorsit,
366 2071 435 2114 non
450 2052 505 2114 ille
521 2053 614 2114 iaces
630 2071 692 2115 nec
709 2053 822 2114 tumea
838 2052 945 2114 taedis
965 2047 967 2052 ’

171 2155 322 2232 Lumina,
341 2155 626 2238 praecipitemque
643 2156 779 2218 immani
795 2155 926 2218 turbine
942 2157 1063 2236 adegit.

90 2278 133 2332 595
169 2260 240 2323 Nec
256 2279 326 2322 non
344 2269 379 2321 et
395 2259 528 2343 Tityon,
546 2260 671 2322 Terrae
687 2259 926 2341 omniparentis
942 2261 1123 2333 alumnum,

168 2363 317 2426 Cernere
334 2371 415 2437 erat,
433 2383 493 2444 per
508 2371 578 2426 tota
594 2383 714 2426 novem
732 2363 786 2426 cui
801 2365 917 2444 iugera
933 2383 1054 2444 corpus

169 2467 362 2548 Porrigitur,
380 2476 553 2548 rostroque
570 2467 724 2530 immanis
740 2468 850 2530 vultur
866 2467 996 2530 obunco

170 2571 364 2634 Immortale
381 2569 470 2632 iecur
486 2571 629 2633 tondens
646 2571 857 2653 fecundaque
873 2571 989 2652 poenis

168 2675 309 2738 Viscera
324 2674 529 2756 rimaturque
545 2675 653 2756 epulis
670 2675 862 2757 habitatque
880 2675 941 2738 sub
955 2676 1026 2738 alto

93 2787 134 2836 600
170 2779 318 2853 Pectore,
336 2798 399 2840 nec
416 2778 506 2842 fibris
522 2778 653 2861 requies
670 2780 767 2841 datur
783 2779 850 2854 ulla
865 2780 999 2842 renatis.
1042 2799 1045 2806 ·

170 2883 260 2964 Quid
277 2901 459 2944 memorem
479 2881 650 2962 Lapithas,
672 2883 788 2945 Ixiona
806 2883 1077 2964 Pirithoumque?

171 2987 266 3068 Quos
282 2998 384 3068 super
399 2995 472 3049 atra
488 2986 570 3049 silex
586 2986 652 3048 iam
669 2986 732 3048 iam
750 2987 885 3068 lapsura
901 2986 1098 3067 cadentique

173 3091 330 3152 Imminet
346 3089 521 3166 adsimilis;
547 3091 657 3153 lucent
673 3091 861 3172 genialibus
877 3091 951 3153 altis

104 3215 107 3220 ·
172 3195 287 3257 Aurea
304 3195 412 3257 fulcra
427 3194 517 3270 toris,
535 3196 721 3276 epulaeque
738 3204 815 3258 ante
830 3214 889 3258 ora
906 3204 1042 3276 paratae

94 3307 134 3372 605
174 3298 324 3380 Regifico
341 3300 438 3375 luxu3
464 3299 637 3361 Furiarum
655 3298 799 3362 maxima
814 3299 904 3362 iuxta

173 3401 336 3478 Accubat‚
353 3411 388 3465 et
404 3403 556 3466 manibus
573 3402 726 3484 prohibet
742 3403 935 3484 contingere
952 3423 1095 3477 mensas,

175 3505 399 3588 Exsurgitque
415 3507 524 3570 facem
541 3509 707 3582 attollens
725 3517 825 3589 atque
841 3507 970 3570 intonat
987 3527 1051 3569 ore.

218 3610 285 3674 Hic
302 3610 423 3693 quibus
439 3610 535 3674 invisi
551 3613 681 3686 fratres
700 3611 778 3673 dum
795 3611 864 3674 vita
879 3611 1045 3685 manebat,

176 3716 371 3778 Pulsatusve
388 3734 519 3795 parens,
537 3725 570 3778 et
585 3715 679 3777 fraus
695 3714 816 3778 innexa
832 3715 960 3787 clienti;

98 3827 139 3877 διο
175 3820 246 3882 Aut
262 3819 318 3902 qui
334 3817 457 3882 divitiis
473 3820 533 3882 soli
549 3817 730 3884 incubuere
747 3819 895 3898 repertis,
