2816 4282
200 325 263 390 294
554 315 712 370 VERGlLl
740 315 939 370 AENElDOS

287 495 427 576 Longus
443 493 476 558 in
494 513 660 569 occasum,
677 495 761 558 fines
778 515 878 576 super
895 515 1000 578 usque
1018 495 1178 574 Sicanos;

286 597 439 662 Aurunci
457 598 639 680 Rutulique
656 589 779 673 serunt,
797 609 830 662 et
846 598 979 663 vomere
995 599 1098 662 duros

286 702 453 766 Exercent
470 702 583 777 colles,
601 712 700 784 atque
718 703 836 765 horum
854 703 1036 785 asperrima
1054 713 1208 784 pascunt.

197 831 245 880 320
286 807 382 868 Haec
399 805 506 868 omnis
522 805 615 887 regio
631 815 664 869 et
680 805 759 870 celsi
776 806 877 887 plaga
893 807 992 889 pinea
1009 810 1133 872 montis

285 908 391 972 Cedat
407 909 572 973 amicitiae
588 911 802 985 Teucrorum,
821 919 854 974 et
870 911 1015 974 foederis
1032 931 1159 995 aequas

285 1014 446 1092 Dicamus
462 1014 564 1095 leges,
582 1015 756 1097 sociosque
773 1014 804 1076 in
824 1035 928 1096 regna
943 1035 1121 1093 vocemus;

284 1117 478 1193 Considunt,
497 1118 524 1180 si
540 1127 652 1182 tantus
669 1139 771 1194 amor,
789 1129 822 1183 et
839 1121 970 1183 moenia
985 1109 1141 1184 condant.

284 1222 342 1288 Sin
360 1222 442 1284 alios
458 1223 541 1285 fines
557 1223 722 1304 aliamque
738 1243 914 1305 capessere
930 1234 1065 1304 gentem

195 1347 241 1401 3²5
285 1326 346 1389 Est
362 1326 502 1400 animus,
519 1336 727 1408 possuntque
744 1328 814 1390 solo
830 1327 992 1390 decedere
1008 1338 1134 1405 nostru,

284 1431 339 1492 Bis
356 1430 459 1492 denas
477 1430 563 1494 Italo
578 1440 730 1494 texamus
746 1430 863 1494 robore
879 1451 990 1507 naves,

283 1534 349 1598 Seu
368 1535 480 1616 plures
495 1535 663 1616 complere
679 1536 791 1599 valent
806 1535 908 1617 (iacet
923 1535 1031 1598 omnis
1047 1536 1089 1599 ad
1106 1539 1234 1601 undam

283 1639 459 1720 Materies)
474 1637 537 1720 ipsi
554 1658 795 1720 numerumque
812 1640 1013 1722 modumque
1030 1641 1153 1704 carinis

283 1742 510 1825 Praecipiant;
535 1762 596 1806 nos
612 1763 698 1818 aera,
717 1763 844 1819 manus,
862 1743 993 1806 navalia
1009 1744 1137 1808 demus.

194 1869 243 1919 330
283 1847 468 1921 Praeterea,
486 1846 543 1928 qui
559 1846 647 1912 dicta
663 1847 773 1911 ferant
789 1856 822 1910 et
839 1847 976 1911 foedera
992 1848 1133 1923 firment,

283 1950 424 2014 Centum
442 1959 590 2014 oratores
607 1952 713 2032 prima
730 1952 771 2014 de
788 1960 889 2032 gente
908 1952 1046 2014 Latinos

283 2055 336 2116 lre
353 2053 472 2136 placet,
490 2055 649 2136 pacisque
666 2076 766 2118 manu
783 2056 1002 2136 praetendere
1018 2076 1139 2132 ramos

283 2157 426 2220 Munera
442 2168 614 2239 portantes
629 2159 767 2241 aurique
784 2159 959 2241 eborisque
974 2161 1100 2223 talenta

283 2261 327 2324 Et
343 2261 458 2324 sellam
475 2262 570 2343 regni
585 2262 802 2345 trabeamque
818 2263 962 2344 insignia
978 2263 1091 2326 nostri.

195 2388 241 2440 335
282 2364 454 2428 Consulite
470 2365 503 2428 in
521 2365 676 2440 medium,
694 2376 727 2430 et
742 2367 842 2430 rebus
858 2368 1038 2431 succurrite
1055 2369 1189 2432 fessis.'’

324 2470 411 2531 Tum
431 2471 592 2546 Drances,
609 2470 697 2534 idem
713 2471 875 2546 infensus
893 2491 992 2553 quem
1009 2472 1113 2553 gloria
1131 2473 1240 2536 Turni

282 2572 427 2654 Obliqua
444 2573 566 2636 invidia
583 2575 790 2656 stimulisque
808 2574 956 2656 agitabat
973 2575 1103 2651 amaris,

282 2677 414 2758 Largus
430 2697 541 2758 opum,
559 2688 592 2741 et
608 2678 723 2758 lingua
740 2677 864 2754 melior,
883 2678 942 2741 sed
959 2679 1081 2760 frigida
1098 2679 1188 2744 bello

281 2780 438 2856 Dextera,
456 2781 600 2844 consiliis
617 2782 750 2845 habitus
767 2802 834 2845 non
852 2783 970 2846 futtilis
989 2793 1111 2858 auctor,

194 2908 243 2957 340
283 2884 452 2949 Seditione
469 2895 640 2966 potens—
650 2906 757 2968 genus
773 2887 849 2949 huic
867 2895 1017 2949 materna
1033 2885 1217 2967 superbum
1239 2928 1247 2939 -

271 2988 448 3052 ‘Nobilitas
464 2990 574 3066 dabat,
586 2990 747 3072 incertum
764 2990 805 3053 de
823 2999 917 3072 patre
933 2990 1113 3054 ferebat-
1184 3005 1187 3010 '

283 3093 405 3174 Surgit,
423 3102 456 3156 et
473 3094 524 3157 his
540 3105 656 3158 onerat
673 3094 768 3157 dictis
784 3104 884 3176 atque
900 3103 1038 3175 aggerat
1053 3095 1137 3158 iras:

326 3202 344 3228 “
358 3199 440 3260 Rern
459 3198 539 3262 nulli
556 3199 741 3275 obscuram,
759 3208 891 3262 nostrae
908 3219 970 3261 nec
986 3199 1078 3261 vocis
1094 3207 1263 3279 egentem,

282 3301 447 3378 Consulis,
465 3323 484 3366 o
500 3302 587 3366 bone
603 3324 678 3380 rex;
703 3304 813 3368 cuncti
831 3323 867 3366 se
884 3304 968 3366 scire
985 3303 1140 3380 fatentur,

195 3426 241 3480 345
284 3404 373 3486 Quid
389 3405 526 3470 fortuna
542 3407 628 3470 ferat
646 3408 778 3488 populi;
803 3407 861 3469 sed
878 3407 989 3470 dicere
1006 3415 1165 3470 mussant.

284 3510 351 3572 Det
368 3510 551 3577 libertatem
569 3511 672 3586 tandi,
690 3511 855 3592 flatusque
871 3511 1026 3588 remittat,

283 3613 385 3676 Cuius
401 3614 443 3677 ob
460 3614 644 3696 auspicium
660 3614 844 3678 infaustum
861 3635 1037 3697 moresque
1054 3615 1258 3679 sinistros—

277 3715 403 3800 Dicam
417 3715 580 3797 equidem,
593 3717 669 3780 licet
679 3737 772 3780 arma
788 3717 868 3781 mihi
884 3729 1091 3801 mortemque
1103 3719 1247 3784 minetur
1259 3757 1297 3768 —

284 3817 427 3880 Lumina
442 3827 491 3881 tot
506 3818 664 3884 cecidisse
681 3821 802 3886 ducum
819 3831 991 3904 totamque
1006 3821 1157 3887 videmus
