2800 4286
218 279 276 344 192
570 268 729 321 VERGlLl
755 268 954 321 AENEIDOS

302 448 431 513 Conicit
448 448 548 531 inque
564 449 672 511 sinum
690 447 884 529 praecordia
899 447 942 510 ad
958 445 1076 510 intima
1093 447 1212 522 subdit,

300 552 377 634 Quo
394 551 574 615 furibunda
590 552 726 614 domum
743 561 891 614 monstro
908 550 1108 633 permisceat
1126 571 1270 614 omnem.

301 658 370 733 Ille,
388 657 474 720 inter
489 666 599 720 vestes
615 667 649 719 et
665 657 750 720 levia
765 665 901 738 pectora
917 656 1041 737 lapsus,

212 786 260 837 350
299 761 452 825 Volvitur
467 770 592 823 attactu
609 740 714 836 nullo,¹
728 760 880 842 fallitque
897 761 1073 838 furentem,

299 866 477 948 Vipeream
494 864 662 947 inspirans
678 865 841 943 animam;
866 866 902 928 fit
918 865 1027 928 tortile
1043 866 1130 929 collo

300 970 431 1033 Aurum
447 971 567 1052 ingens
583 971 726 1047 coluber,
745 971 781 1033 fit
797 971 918 1052 longae
934 969 1046 1054 taenia
1061 970 1174 1046 vittae,

301 1076 511 1159 Innectitque
528 1096 650 1152 comas,
668 1085 702 1139 et
714 1074 872 1138 membris
889 1074 1034 1138 lubricus
1050 1084 1148 1137 errat.

298 1180 351 1243 Ac
367 1181 447 1243 dum
463 1181 571 1262 prima
585 1179 657 1243 lues
673 1180 739 1242 udo
756 1179 914 1260 sublapsa
928 1197 1059 1242 veneno

210 1307 257 1359 355
299 1285 504 1366 Pertemptat
521 1305 640 1347 sensus
655 1295 757 1366 atque
772 1283 903 1346 ossibus
919 1282 1067 1364 implicat
1083 1283 1206 1364 ignem,

299 1388 452 1451 Necdum
469 1388 600 1450 animus
616 1397 686 1451 toto
703 1387 852 1470 percepit
867 1396 1002 1468 pectore
1019 1385 1200 1462 flammam,

299 1492 444 1568 Mollius,
461 1501 495 1555 et
511 1493 607 1556 solito
623 1502 765 1556 matrum
783 1485 825 1555 de
841 1512 943 1568 more,
960 1491 1071 1553 locuta
1086 1500 1148 1567 est,

298 1596 408 1659 Multa
423 1616 525 1680 super
540 1604 620 1660 nata
635 1596 813 1659 lacrimans
830 1594 1058 1681 Phrygiisque¹
1068 1595 1280 1678 hymenaeis:
1334 1682 1335 1685 Ἴ
1397 1667 1398 1686 ¹

343 1705 361 1732 “
373 1700 597 1763 Exsulibusne
613 1702 711 1763 datur
726 1699 881 1763 ducenda
897 1699 1038 1763 Lavinia
1055 1697 1207 1774 Teucris,

209 1815 257 1877 360
297 1805 327 1869 O
345 1805 498 1886 genitor?
522 1815 634 1869 necte
651 1805 785 1868 miseret
800 1815 966 1887 nataeque
982 1803 1120 1886 tuique?

297 1909 371 1971 Nec
387 1909 502 1972 matris
518 1911 661 1986 miseret,
680 1929 781 1992 quam
797 1910 905 1992 primo
922 1897 1076 1990 aquilone
1094 1908 1259 1989 relinquet

298 2013 456 2088 Perfidus,
474 2014 541 2075 alta
557 2023 677 2094 petens
694 2013 837 2077 abducta
852 2012 991 2094 virgine,
1010 2012 1160 2093 praedo?

296 2116 345 2179 At
360 2137 427 2180 non
444 2118 491 2179 sic
509 2117 672 2201 Phrygius
689 2127 843 2199 penetrat
861 2116 1116 2179 Lacedaemona
1134 2125 1249 2197 pastor

298 2220 533 2303 Ledaeamque
551 2221 716 2283 Helenam
735 2221 898 2283 Troianas
915 2221 1004 2284 vexit
1019 2219 1062 2282 ad
1079 2220 1203 2282 urbes?

70 2344 72 2350 ¹
101 2389 103 2394 Ι
208 2335 254 2401 3⁶5
295 2324 386 2407 Quid
401 2334 459 2388 tua
474 2335 592 2388 sancta
608 2325 714 2387 fides?
737 2324 817 2407 quid
832 2344 913 2387 cura
928 2323 1066 2406 antiqua
1081 2332 1214 2386 tuorum

297 2429 341 2492 Et
357 2429 607 2510 consanguineo
618 2429 741 2492 totiens
757 2429 836 2491 data
851 2428 988 2491 dextera
1003 2427 1141 2490 Turno?

296 2531 332 2596 Si
347 2553 451 2614 gener
466 2543 603 2596 externa
618 2535 741 2615 petitur
756 2534 799 2596 de
815 2542 916 2614 gente
934 2531 1072 2608 Latinis

297 2637 404 2719 quue
420 2637 524 2713 sedet,
543 2638 718 2719 Faunique
734 2646 892 2719 premunt
908 2646 940 2699 te
956 2635 1046 2699 iussa
1063 2637 1222 2717 parentis

295 2741 440 2805 Omnem
457 2742 612 2823 equidem
628 2743 769 2822 sceptris
784 2750 907 2804 terram
924 2761 1010 2822 quae
1025 2741 1129 2803 libera
1145 2740 1268 2802 nostris

207 2867 256 2917 370
295 2843 459 2920 Dissidet,
471 2855 641 2908 externam
658 2865 741 2921 reor,
758 2843 855 2908 etsie
872 2845 982 2907 dicere
998 2843 1100 2908 divos.

296 2949 340 3010 Et
356 2949 480 3023 Turno,
499 2949 526 3011 si
542 2948 650 3030 prima
665 2949 786 3011 domus
801 2957 972 3030 repetatur
986 2947 1091 3029 origo,

296 3053 441 3115 Inachus
458 3049 676 3135 Acrisiusque
692 3063 805 3135 patres
821 3053 1018 3135 mediaeque
1037 3053 1236 3135 Mycenae.’'

339 3155 403 3218 His
419 3154 477 3217 ubi
493 3158 695 3238 nequiquam
711 3156 808 3220 dictis
824 3167 961 3238 experta
980 3156 1137 3218 Latinum

295 3261 420 3323 Contra
436 3269 524 3323 stare
539 3259 639 3336 videt,
657 3261 857 3343 penitusque
872 3262 907 3322 in
923 3260 1052 3324 viscera
1069 3260 1200 3340 lapsum

207 3385 253 3437 375
294 3363 467 3444 Serpentis
483 3363 602 3428 furiale
618 3365 751 3440 malum,
769 3374 941 3446 totamque
956 3374 1113 3446 pererrat,

293 3467 381 3529 Tum
397 3487 476 3530 vero
493 3468 617 3545 infelix,
634 3469 826 3550 ingentibus
842 3471 949 3532 excita
965 3469 1131 3545 monstris,

296 3570 496 3634 Immensam
516 3572 587 3635 sine
604 3591 696 3636 more
711 3573 791 3636 furit
807 3573 982 3658 lymphata
998 3594 1058 3656 per
1075 3573 1211 3636 urbem:

296 3674 366 3736 Ceu
382 3677 549 3756 quondam
565 3686 652 3740 torto
667 3678 810 3741 volitans
827 3678 889 3741 sub
905 3678 1042 3742 verbere
1060 3678 1164 3754 turbo,

295 3777 404 3857 Quem
421 3779 515 3858 pueri
531 3800 653 3861 magno
670 3781 702 3844 in
719 3801 802 3865 gyro
818 3801 924 3844 vacua
940 3782 1023 3844 atria
1039 3781 1162 3845 circum
