2800 4286
450 896 487 967 P.
517 895 748 1014 ueneni
781 894 1035 966 nononis

541 1090 954 1183 AENEIDOS

576 1369 721 1431 LIBER
755 1367 921 1432 NONUS

328 1538 441 1621 Atque
457 1558 497 1602 ea
512 1538 643 1601 diversa
659 1539 792 1618 penitus
809 1538 886 1610 dum
904 1545 998 1619 parte
1015 1546 1186 1618 geruntur,

284 1642 363 1703 Irim
380 1642 421 1704 de
438 1642 530 1704 caelo
546 1643 635 1703 misit
652 1641 808 1706 Saturnia
826 1642 910 1705 Iuno

283 1745 456 1808 Audacem
474 1746 515 1808 ad
532 1747 694 1808 Turnum.
744 1743 922 1810 Luco'tum
940 1746 1025 1808 forte
1043 1745 1192 1826 parentis

283 1850 422 1911 Pilumni
440 1851 574 1912 Turnus
591 1859 719 1912 sacrata
734 1849 821 1912 valle
837 1849 982 1913 sedebat.

282 1953 338 2016 Ad
354 1974 452 2036 quem
470 1953 516 2017 sic
533 1973 629 2017 roseo
645 1953 888 2017 Thaumantias
904 1973 960 2017 ore
977 1954 1086 2016 locuta
1102 1963 1171 2016 est:

283 2059 429 2133 “Turne
448 2057 536 2139 quod
553 2059 683 2139 optanti
699 2058 811 2120 divum
829 2057 1021 2140 promittere
1037 2076 1136 2120 nemo

280 2162 441 2237 Auderet‚
459 2162 623 2225 volvenda
639 2162 718 2238 dies,
736 2183 787 2236 en,
805 2163 914 2225 attulit
931 2162 1025 2226 ultro.
1112 2157 1114 2162 ’

281 2268 425 2341 Aeneas,
443 2267 525 2329 urbe
541 2277 574 2329 et
590 2269 687 2330 sociis
704 2277 737 2329 et
752 2268 858 2330 classe
875 2267 998 2341 relicta,

282 2371 422 2452 Sceptra
440 2371 580 2434 Palatini
598 2372 778 2453 sedemque
794 2372 877 2453 petit
895 2370 1051 2433 Euandri.
1099 2360 1103 2367 ¹

247 2536 250 2542 .
281 2475 353 2538 Nee
371 2475 470 2538 satis:
494 2485 659 2538 extremas
677 2475 815 2559 Corythi
832 2476 1017 2557 penetravit
1033 2474 1075 2536 ad
1091 2475 1201 2550 urbes,

282 2579 519 2662 Lydorumque
536 2577 670 2643 manum
688 2580 844 2642 collectos
861 2589 968 2642 armat
983 2588 1142 2659 agrestes.

280 2681 369 2763 Quid
403 2683 558 2745 dubitas?
596 2703 685 2746 nunc
717 2692 850 2764 tempus
885 2701 998 2765 equos,
1030 2701 1118 2743 nunc
1159 2701 1298 2763 poscere

366 2805 490 2849 currus.

282 2891 414 2970 Rumpe
430 2911 540 2954 moras
556 2911 672 2954 omnes
688 2901 722 2954 et
738 2892 869 2954 turbata
885 2892 994 2972 arripe
1010 2889 1149 2952 castra.”

281 2993 381 3069 Dixit,
399 3004 433 3056 et
448 2994 481 3056 in
499 2996 626 3058 caelum
645 2995 779 3077 paribus
795 3015 831 3058 se
848 2995 978 3059 sustulit
995 2993 1065 3068 alis,

280 3098 524 3179 Ingentemque
541 3099 623 3179 fuga
639 3100 743 3162 secuit
760 3099 822 3161 sub
837 3098 981 3161 nubibus
996 3116 1118 3160 arcum.

323 3201 495 3282 Adgnovit
511 3202 647 3276 iuvenis,
665 3203 880 3284 duplicesque
897 3203 940 3264 ad
956 3202 1064 3265 sidera
1079 3201 1209 3282 palmas

280 3303 429 3380 Sustulit,
447 3325 485 3368 ac
502 3306 559 3367 tali
575 3306 760 3386 lugientem
778 3316 828 3370 est
843 3326 925 3368 voce
941 3314 1093 3368 secutus:

280 3411 297 3438 ‘⁴
312 3407 365 3482 Iri,
383 3408 485 3471 decus
503 3410 593 3484 caeli,
612 3410 685 3491 quis
706 3420 738 3473 te
755 3411 834 3472 mihi
851 3409 994 3473 nubibus
1011 3417 1117 3471 actam

281 3511 408 3575 Detulit
424 3513 457 3574 in
473 3514 602 3576 terras?
633 3515 721 3578 unde
738 3516 819 3578 haec
836 3524 903 3577 tam
921 3516 1009 3577 clara
1025 3522 1163 3596 repente
1265 3533 1268 3538 ·

191 3638 223 3672 20
278 3616 501 3696 Tempestas?
526 3617 670 3680 medium
687 3618 783 3682 video
799 3620 969 3683 discedere
987 3619 1124 3692 caelum,

279 3719 498 3801 Palantesque
515 3722 591 3800 polo
608 3724 729 3786 stellas.
778 3723 907 3805 Sequor
923 3725 1034 3786 omina
1051 3731 1151 3798 tanta,

278 3820 437 3902 Quisquis
454 3823 486 3884 in
504 3844 595 3885 arma
611 3827 742 3889 vocas’'
791 3828 834 3889 Et
851 3829 897 3891 sic
914 3827 1036 3891 effatus
1052 3827 1093 3889 ad
1111 3826 1235 3888 undam

721 3949 769 3999 ²30
