2796 4282
502 275 617 328 tisun
644 275 827 344 QUARTUS

203 530 208 538 .
236 453 283 518 At
299 453 444 537 trepida,
462 464 497 518 et
513 455 640 537 coeptis
656 455 856 518 immanibus
873 456 978 520 effera
996 455 1094 528 Did0‚

195 559 424 640 Sanguineam
442 560 580 622 volvens
596 562 710 636 aciem,
729 561 932 642 maculisque
948 568 1128 622 trementes

196 663 366 725 Interfusa
383 683 499 744 genas,
518 673 551 726 et
569 664 691 745 pallida
707 673 813 727 morte
829 664 952 739 futura,

100 779 153 843 645
196 767 360 830 Interiora
376 768 501 830 domus
514 768 672 850 inrumpit
689 769 811 845 limina,
829 779 862 832 et
879 769 963 831 altos

195 871 401 934 Conscendit
418 872 599 935 furibunda
615 893 722 955 rogos,
739 893 920 955 ensemque
936 872 1075 935 recludit

196 975 416 1051 Dardanium,
435 997 501 1038 non
519 977 579 1039 hos
596 979 782 1057 quaesitum
800 997 920 1040 munus
937 977 970 1038 in
987 997 1076 1039 usus.

196 1079 270 1154 Hic,
290 1089 470 1162 postquam
492 1081 609 1144 iliacas
625 1091 735 1145 vestes
752 1090 934 1163 notumque
951 1081 1059 1143 cubile

194 1183 388 1264 Conspexit,
407 1184 543 1265 paulum
561 1185 704 1248 lacrimis
720 1195 754 1248 et
771 1196 883 1248 mente
899 1195 1035 1260 morata,

104 1300 154 1365 650
195 1287 421 1370 Incubuitque
438 1297 519 1364 tor0,
537 1289 684 1372 dixitque
702 1290 882 1352 novissima
897 1290 1019 1352 verba:

239 1397 257 1423 “
270 1392 399 1454 Dulces
416 1392 565 1468 exuviae,
583 1393 661 1455 dum
680 1393 750 1455 fata
766 1393 913 1476 deusque
930 1393 1068 1469 sinebat,

194 1496 350 1577 Accipite
367 1497 455 1560 hanc
472 1499 626 1573 animam,
645 1518 764 1580 meque
781 1498 832 1561 his
850 1498 1009 1560 exsolvite
1025 1497 1121 1559 curis.

193 1600 279 1676 Vixi,
298 1609 341 1675 et,
360 1621 459 1683 quem
476 1602 614 1664 dederat
629 1622 761 1664 cursum
780 1603 922 1677 fortuna,
942 1601 1074 1683 peregi;

196 1704 240 1766 Et
256 1725 347 1766 nunc
365 1725 490 1786 magna
506 1705 570 1767 mei
587 1705 648 1768 sub
665 1715 769 1769 terras
785 1706 844 1769 ibit
861 1707 980 1786 imago.

106 1821 153 1886 655
193 1808 323 1872 Urbem
342 1809 546 1890 praeclaram
564 1811 664 1872 statui
675 1829 682 1884 ;
709 1830 784 1872 mea
800 1809 931 1872 moenia
946 1809 1032 1884 vidi;

194 1912 278 1976 Ulta
293 1912 411 1988 virum,
430 1933 556 1992 poenas
573 1913 706 1977 inimico
723 1935 742 1977 a
759 1915 861 1976 fratre
878 1912 989 1994 recepi
1003 1934 1009 1989 ;

194 2017 298 2092 Felix,
317 2017 383 2079 heu
399 2017 536 2080 nimium
554 2018 642 2094 felix,
661 2020 688 2081 si
704 2019 799 2081 litora
815 2028 944 2081 tantum

195 2121 390 2202 Numquam
411 2121 601 2184 Dardaniae
616 2122 805 2203 tetigissent
821 2131 935 2184 nostra
951 2121 1102 2184 carinae!
1119 2122 1135 2146 ''
1245 2184 1249 2193 ,

241 2223 342 2299 Dixit,
360 2235 402 2300 et,
420 2246 457 2295 os
473 2225 636 2307 impressa
652 2236 733 2302 toro,
753 2232 772 2258 “
784 2226 967 2288 Moriemur
983 2225 1117 2301 inultae,

103 2343 152 2392 66ο
193 2329 262 2393 Sed
279 2330 487 2391 moriamur''
505 2330 559 2392 ait.
609 2336 627 2362 “
638 2331 702 2406 Sic,
720 2331 767 2394 sic
785 2331 874 2392 iuvat
891 2330 937 2392 ire
955 2329 1016 2392 sub
1033 2329 1176 2392 umbras.

197 2433 342 2495 Hauriat
359 2433 446 2496 hunc
464 2435 567 2498 oculis
583 2435 693 2516 ignem
712 2435 855 2497 crudelis
872 2434 913 2496 ab
930 2434 996 2496 alto

198 2538 387 2613 Dardanus
405 2547 438 2600 et
455 2532 589 2620 nostrae
605 2559 718 2601 secum
735 2539 822 2601 ferat
838 2538 949 2603 omina
966 2537 1111 2600 mortis.’'

198 2637 355 2712 Dixerat;
380 2648 480 2720 atque
497 2639 586 2700 illam
603 2639 713 2701 media
728 2640 815 2702 inter
830 2638 909 2700 talia
926 2639 1015 2700 ferro

196 2743 401 2823 Conlapsam
419 2742 584 2824 aspiciunt
600 2745 747 2818 comites,
765 2762 946 2824 ensemque
968 2762 1083 2804 cruore

105 2860 153 2926 665
197 2846 427 2927 Spumantem,
446 2867 645 2929 sparsasque
663 2867 791 2909 manus.
841 2848 871 2908 lt
887 2848 1012 2909 clamor
1029 2847 1070 2908 ad
1087 2847 1154 2908 alta

196 2949 313 3027 Atria;
337 2970 534 3013 concussam
551 2951 734 3014 bacchatur
752 2952 856 3013 Fama
874 2970 933 3031 per
949 2949 1073 3012 urbem.

198 3055 371 3117 Lamentis
388 3055 580 3138 gemituque
597 3040 630 3118 et
647 3054 794 3118 femineo
811 3056 938 3117 ululatu

196 3159 302 3222 Tecta
318 3159 482 3236 fremunt3
507 3169 641 3222 resonat
657 3159 787 3241 magnis
805 3159 1021 3240 plangoribus
1039 3160 1161 3221 aether.

199 3262 277 3325 Non
293 3263 396 3340 aliter,
415 3284 514 3346 quam
532 3263 559 3326 si
574 3262 730 3326 immissis
748 3273 822 3325 ruat
838 3262 988 3326 hostibus
1005 3264 1112 3325 omnis

106 3381 154 3442 670
199 3367 374 3449 Karthago
392 3377 448 3430 aut
465 3368 600 3450 antiqua
616 3369 734 3453 Tyros,
753 3367 971 3449 flammaeque
989 3367 1139 3428 furentes

197 3471 353 3535 Culmina
370 3493 494 3554 perque
512 3473 681 3535 hominurn
699 3473 875 3536 volvantur
893 3492 1017 3554 perque
1035 3471 1180 3534 deorum.

242 3576 361 3639 Audiit
376 3577 546 3652 exanimis
564 3577 760 3659 trepidoque
777 3578 932 3640 exterrita
948 3596 1046 3638 cursu

199 3681 381 3762 Unguibus
397 3702 454 3744 ora
471 3702 562 3744 soror
579 3682 719 3744 foedans
736 3690 768 3744 et
785 3690 921 3762 pectora
938 3682 1058 3761 pugnis

198 3787 262 3849 Per
277 3784 404 3848 medios
421 3786 493 3860 ruit,
512 3805 549 3848 ac
566 3784 762 3848 morientem
779 3784 913 3847 nomine
929 3784 1069 3846 clamat:
