2816 4282
480 331 595 382 uranu
621 329 796 384 necinus
1120 335 1180 402 275

169 514 199 578 Si
212 511 298 589 mihi,
316 531 409 594 quae
427 511 596 593 quondam
613 511 732 586 fuerat,
750 531 917 593 quamque
933 529 1006 574 esse
1023 510 1172 586 decebat,

168 618 221 681 Vis
236 619 268 679 in
285 636 406 679 amore
423 617 512 678 foret
527 615 533 676 l
558 635 624 678 non
641 616 703 678 hoc
721 615 801 676 mihi
817 635 961 697 namque
977 634 1127 696 negares

100 734 136 797 615
169 721 399 804 Omnipotens
419 719 501 801 quin
517 729 551 782 et
567 739 701 801 pugnae
719 719 904 782 subducere
921 720 1081 794 Turnum,

171 827 209 888 Et
225 827 347 888 Dauno
367 843 505 905 possem
522 823 721 886 incolumem
741 843 873 886 servare
891 825 1028 905 parenti.

173 932 262 992 Nunc
279 937 409 1011 pereat,
429 927 634 1009 Teucrisque
653 927 707 1008 pio
724 927 780 990 det
796 928 959 1009 sanguine
976 947 1109 1010 poenas.

173 1035 227 1097 llle
242 1045 355 1096 tamen
373 1041 491 1094 nostra
507 1031 640 1094 deducit
656 1031 783 1113 origine
800 1053 930 1109 nomen,

173 1139 405 1220 Pilumnusque
422 1136 469 1198 illi
486 1145 622 1217 quartus
642 1148 755 1218 pater;
779 1147 812 1200 et
828 1148 885 1200 tua
901 1138 993 1218 larga

102 1253 140 1300 620
171 1242 271 1324 Saepe
288 1261 392 1304 manu
412 1239 589 1322 multisque
609 1241 758 1304 oneravit
775 1242 887 1304 limina
902 1240 1030 1304 donis.’'

211 1347 271 1412 Cui
287 1367 345 1409 rex
363 1345 503 1408 aetherii
520 1345 665 1408 breviter
681 1347 728 1408 sic
745 1346 833 1408 latus
851 1344 1006 1430 Olympi:

172 1455 188 1482 ‘⁴
199 1451 233 1515 Si
248 1471 342 1514 mora
360 1451 546 1531 praesentis
565 1448 622 1512 leti
638 1460 836 1532 tempusque
852 1451 978 1514 caduco

170 1555 290 1619 Oratur
306 1553 429 1627 iuveni,
447 1573 566 1635 meque
584 1554 645 1617 hoc
663 1554 709 1616 ita
726 1574 849 1635 ponere
866 1556 978 1630 sentis

169 1661 259 1723 Tolle
276 1661 361 1740 fuga
377 1660 530 1721 Turnum
550 1669 649 1741 atque
666 1658 867 1721 instantibus
883 1659 973 1740 eripe
990 1660 1077 1722 fatis

96 1774 134 1839 625
170 1765 344 1828 Hactenus
360 1763 538 1826 indulsisse
555 1773 661 1826 vacat.
710 1763 767 1827 Sin
785 1763 880 1826 altior
897 1762 966 1826 istis

170 1868 237 1932 Sub
253 1868 411 1950 precibus
427 1867 525 1929 venia
542 1868 609 1929 ulla
625 1867 714 1942 latet,
732 1877 904 1949 totumque
922 1866 1046 1931 moveri

171 1972 337 2035 Mutarive
354 1981 452 2052 putas
469 1971 602 2047 bellum,
620 1991 698 2052 spes
715 1973 824 2052 pascis
840 1971 987 2034 inanes.”

171 2077 211 2139 Et
229 2077 316 2139 luno
333 2074 575 2138 adlacrimans:
595 2081 613 2107 “
626 2076 724 2157 Quid,
743 2075 778 2151 si,
798 2095 882 2157 quae
898 2095 979 2139 voce
996 2076 1153 2157 gravaris,

170 2182 284 2244 Mente
302 2180 410 2254 dares
428 2189 528 2261 atque
545 2181 628 2243 haec
645 2180 760 2242 Turno
777 2190 848 2243 rata
863 2181 930 2243 vita
948 2181 1117 2243 maneret?

95 2293 135 2356 630
169 2285 267 2347 Nunc
284 2293 399 2346 manet
416 2283 581 2346 insontem
600 2284 710 2365 gravis
727 2283 852 2359 exitus;
876 2295 933 2347 aut
949 2305 1012 2365 ego
1029 2284 1098 2347 veri

168 2390 265 2452 Vana
282 2389 381 2452 feror.
430 2388 529 2470 Quod
547 2397 617 2452 uto
635 2388 744 2468 potius
761 2388 937 2452 formidine
956 2389 1040 2451 falsa

170 2493 293 2568 Ludar‚
311 2502 345 2555 et
360 2492 394 2555 in
412 2492 529 2556 melius
546 2504 612 2569 tua,
630 2493 687 2576 qui
704 2503 806 2574 potes,
825 2513 899 2556 orsa
915 2493 1065 2556 reflectas
1078 2493 1084 2555 l
1097 2493 1114 2517 ”

212 2599 309 2660 Haec
326 2596 384 2659 ubi
400 2597 487 2660 dicta
503 2597 603 2674 dedit,
622 2598 714 2660 caelo
731 2617 767 2660 se
785 2597 934 2679 protinus
951 2597 1018 2661 alto

170 2702 271 2778 Misit,
290 2721 395 2783 agens
412 2702 555 2765 hiemem
572 2701 684 2765 nimbo
702 2703 870 2765 succincta
887 2723 946 2783 per
962 2723 1069 2778 auras,

95 2814 133 2880 ⁶35
169 2806 373 2888 Iliacamque
389 2805 494 2868 aciem
511 2816 544 2868 et
563 2807 743 2868 Laurentia
760 2815 868 2869 castra
886 2805 1009 2887 petivit.

169 2912 255 2974 Tum
273 2910 336 2973 dea
352 2909 441 2973 nube
457 2930 540 2973 cava
557 2920 692 2973 tenuem
710 2912 780 2972 sine
796 2909 919 2972 viribus
937 2910 1087 2973 umbram

171 3018 211 3079 In
228 3018 355 3081 faciem·
368 3019 642 3082 Aeneae-visu
660 3018 807 3081 mirabile
825 3027 1060 3079 monstrum-

173 3123 353 3185 Dardaniis
370 3132 466 3186 ornat
481 3124 564 3199 telis,
582 3124 791 3205 clipeumque
807 3122 968 3203 iubasque

171 3227 285 3289 Divini
301 3227 480 3290 adsimulat
497 3228 624 3309 capitiS,
642 3228 699 3290 dat
715 3225 827 3289 inania
843 3225 953 3301 verba,

94 3337 135 3397 640
171 3331 239 3393 Dat
256 3331 327 3394 sine
344 3342 456 3395 mente
474 3352 601 3407 sonum,
621 3351 821 3413 gressusque
837 3329 965 3410 effingit
981 3330 1099 3403 euntis,

152 3457 156 3464 ·
172 3436 282 3498 Morte
297 3434 390 3498 obita
406 3436 521 3517 quales
538 3436 629 3498 fama
645 3445 696 3498 est
712 3434 850 3497 volitare
867 3435 1000 3515 figuras,

170 3539 240 3602 Aut
257 3559 343 3622 quae
362 3539 487 3620 sopitos
503 3539 665 3601 deludunt
681 3538 809 3602 somnia
825 3559 952 3602 sensus.

170 3643 219 3706 At
235 3644 361 3724 primas
379 3644 466 3705 laeta
482 3642 664 3706 ante·acies
681 3643 824 3705 exsultat
840 3641 960 3723 imag0,

172 3747 359 3828 Inritatque
375 3745 481 3808 virum
497 3747 573 3810 telis
590 3757 624 3809 et
639 3767 719 3810 voce
737 3746 878 3809 lacessit.

93 3858 131 3926 645
169 3851 279 3916 Instat
296 3849 350 3914 cui
366 3851 510 3926 Turnus,
528 3850 790 3935 stridentemque
807 3851 936 3926 eminus
952 3850 1082 3911 hastam
