<?xml version="1.0" encoding="UTF-8"?>
<!DOCTYPE html PUBLIC "-//W3C//DTD XHTML 1.0 Transitional//EN"
    "http://www.w3.org/TR/xhtml1/DTD/xhtml1-transitional.dtd">
<html xmlns="http://www.w3.org/1999/xhtml" xml:lang="en" lang="en">
 <head>
  <title>
</title>
<meta http-equiv="Content-Type" content="text/html;charset=utf-8" />
  <meta name='ocr-system' content='tesseract 3.04.00' />
  <meta name='ocr-capabilities' content='ocr_page ocr_carea ocr_par ocr_line ocrx_word'/>
</head>
<body>
  <div class='ocr_page' id='page_1' title='image "./virgilsaeneidbo00denngoog_0218.png"; bbox 0 0 2800 4286; ppageno 0'>
   <div class='ocr_carea' id='block_1_1' title="bbox 466 305 801 360">
    <p class='ocr_par' dir='ltr' id='par_1_1' title="bbox 466 305 801 360">
     <span class='ocr_line' id='line_1_1' title="bbox 466 305 801 360; baseline 0.006 -4"><span class='ocrx_word' id='word_1_1' title='bbox 466 305 581 357; x_wconf 88' lang='lat' dir='ltr'>LIBER</span> <span class='ocrx_word' id='word_1_2' title='bbox 607 305 801 360; x_wconf 84' lang='lat' dir='ltr'>SEPTIMUS</span> 
     </span>
    </p>
   </div>
   <div class='ocr_carea' id='block_1_2' title="bbox 79 483 1096 879">
    <p class='ocr_par' dir='ltr' id='par_1_2' title="bbox 169 483 1056 680">
     <span class='ocr_line' id='line_1_2' title="bbox 169 483 1055 566; baseline 0 -18"><span class='ocrx_word' id='word_1_3' title='bbox 169 483 376 566; x_wconf 87' lang='lat' dir='ltr'><strong>Complerint</strong></span> <span class='ocrx_word' id='word_1_4' title='bbox 391 504 533 566; x_wconf 92' lang='lat' dir='ltr'><strong>campos</strong></span> <span class='ocrx_word' id='word_1_5' title='bbox 549 483 645 558; x_wconf 88' lang='lat' dir='ltr'><strong>acies,</strong></span> <span class='ocrx_word' id='word_1_6' title='bbox 665 485 784 566; x_wconf 90' lang='lat' dir='ltr'><strong>quibus</strong></span> <span class='ocrx_word' id='word_1_7' title='bbox 803 486 888 549; x_wconf 86' lang='lat' dir='ltr'><strong>Itala</strong></span> <span class='ocrx_word' id='word_1_8' title='bbox 902 486 968 548; x_wconf 90' lang='lat' dir='ltr'><strong>iam</strong></span> <span class='ocrx_word' id='word_1_9' title='bbox 985 495 1055 550; x_wconf 91' lang='lat' dir='ltr'><strong>tum</strong></span> 
     </span>
     <span class='ocr_line' id='line_1_3' title="bbox 169 588 1056 680; baseline 0.002 -30"><span class='ocrx_word' id='word_1_10' title='bbox 169 588 331 650; x_wconf 89' lang='lat' dir='ltr'><strong>Floruerit</strong></span> <span class='ocrx_word' id='word_1_11' title='bbox 348 599 441 651; x_wconf 90' lang='lat' dir='ltr'><strong>terra</strong></span> <span class='ocrx_word' id='word_1_12' title='bbox 457 589 545 680; x_wconf 75' lang='lat' dir='ltr'><strong>alma</strong></span> <span class='ocrx_word' id='word_1_13' title='bbox 559 588 649 664; x_wconf 71' lang='lat' dir='ltr'><strong>viris</strong></span> <span class='ocrx_word' id='word_1_14' title='bbox 666 589 785 671; x_wconf 88' lang='lat' dir='ltr'><strong>quibus</strong></span> <span class='ocrx_word' id='word_1_15' title='bbox 804 589 921 653; x_wconf 86' lang='lat' dir='ltr'>arserit</span> <span class='ocrx_word' id='word_1_16' title='bbox 939 590 1056 654; x_wconf 89' lang='lat' dir='ltr'><strong>armis:</strong></span> 
     </span>
    </p>

    <p class='ocr_par' dir='ltr' id='par_1_3' title="bbox 79 692 1096 879">
     <span class='ocr_line' id='line_1_4' title="bbox 79 692 1096 776; baseline 0.006 -26"><span class='ocrx_word' id='word_1_17' title='bbox 79 703 128 768; x_wconf 80' lang='lat'><strong>⁶45</strong></span> <span class='ocrx_word' id='word_1_18' title='bbox 172 693 212 754; x_wconf 88' lang='lat' dir='ltr'><strong>Et</strong></span> <span class='ocrx_word' id='word_1_19' title='bbox 227 693 431 756; x_wconf 87' lang='lat' dir='ltr'><strong>meministis</strong></span> <span class='ocrx_word' id='word_1_20' title='bbox 448 692 546 768; x_wconf 91' lang='lat' dir='ltr'><strong>enim,</strong></span> <span class='ocrx_word' id='word_1_21' title='bbox 564 692 670 768; x_wconf 87' lang='lat' dir='ltr'><strong>divae,</strong></span> <span class='ocrx_word' id='word_1_22' title='bbox 687 704 721 756; x_wconf 89' lang='lat' dir='ltr'><strong>et</strong></span> <span class='ocrx_word' id='word_1_23' title='bbox 738 713 921 758; x_wconf 89' lang='lat' dir='ltr'><strong>memorare</strong></span> <span class='ocrx_word' id='word_1_24' title='bbox 938 694 1096 776; x_wconf 87' lang='lat' dir='ltr'><strong>potestis;</strong></span> 
     </span>
     <span class='ocr_line' id='line_1_5' title="bbox 169 795 1025 879; baseline 0.004 -21"><span class='ocrx_word' id='word_1_25' title='bbox 169 797 221 858; x_wconf 86' lang='lat' dir='ltr'><strong>Ad</strong></span> <span class='ocrx_word' id='word_1_26' title='bbox 237 817 300 860; x_wconf 91' lang='lat' dir='ltr'><strong>nos</strong></span> <span class='ocrx_word' id='word_1_27' title='bbox 317 795 375 859; x_wconf 86' lang='lat' dir='ltr'><strong>vix</strong></span> <span class='ocrx_word' id='word_1_28' title='bbox 390 796 503 859; x_wconf 91' lang='lat' dir='ltr'><strong>tenuis</strong></span> <span class='ocrx_word' id='word_1_29' title='bbox 519 796 631 859; x_wconf 73' lang='lat' dir='ltr'><strong>famae</strong></span> <span class='ocrx_word' id='word_1_30' title='bbox 648 797 830 879; x_wconf 85' lang='lat' dir='ltr'><strong>perlabitur</strong></span> <span class='ocrx_word' id='word_1_31' title='bbox 845 819 933 861; x_wconf 89' lang='lat' dir='ltr'><strong>aura.</strong></span> <span class='ocrx_word' id='word_1_32' title='bbox 1022 842 1025 850; x_wconf 83' lang='lat'>·</span> 
     </span>
    </p>
   </div>
   <div class='ocr_carea' id='block_1_3' title="bbox 82 1006 1190 3904">
    <p class='ocr_par' dir='ltr' id='par_1_4' title="bbox 169 1006 1074 1298">
     <span class='ocr_line' id='line_1_6' title="bbox 211 1006 1018 1092; baseline 0.002 -22"><span class='ocrx_word' id='word_1_33' title='bbox 211 1007 342 1070; x_wconf 86' lang='lat' dir='ltr'><strong>Primus</strong></span> <span class='ocrx_word' id='word_1_34' title='bbox 359 1007 422 1070; x_wconf 93' lang='lat' dir='ltr'><strong>init</strong></span> <span class='ocrx_word' id='word_1_35' title='bbox 437 1006 561 1070; x_wconf 91' lang='lat' dir='ltr'><strong>bellum</strong></span> <span class='ocrx_word' id='word_1_36' title='bbox 579 1009 764 1092; x_wconf 93' lang='lat' dir='ltr'><strong>Tyrrhenis</strong></span> <span class='ocrx_word' id='word_1_37' title='bbox 779 1028 878 1091; x_wconf 88' lang='lat' dir='ltr'><strong>asper</strong></span> <span class='ocrx_word' id='word_1_38' title='bbox 894 1009 936 1071; x_wconf 94' lang='lat' dir='ltr'><strong>ab</strong></span> <span class='ocrx_word' id='word_1_39' title='bbox 953 1009 1018 1072; x_wconf 91' lang='lat' dir='ltr'><strong>oris</strong></span> 
     </span>
     <span class='ocr_line' id='line_1_7' title="bbox 169 1112 1074 1195; baseline 0.001 -20"><span class='ocrx_word' id='word_1_40' title='bbox 169 1113 389 1193; x_wconf 91' lang='lat' dir='ltr'><strong>Contemptor</strong></span> <span class='ocrx_word' id='word_1_41' title='bbox 406 1112 519 1174; x_wconf 90' lang='lat' dir='ltr'><strong>divum</strong></span> <span class='ocrx_word' id='word_1_42' title='bbox 538 1112 725 1175; x_wconf 84' lang='lat' dir='ltr'><strong>Mezentius</strong></span> <span class='ocrx_word' id='word_1_43' title='bbox 741 1113 943 1195; x_wconf 82' lang='lat' dir='ltr'><strong>agminaque</strong></span> <span class='ocrx_word' id='word_1_44' title='bbox 959 1123 1074 1177; x_wconf 89' lang='lat' dir='ltr'><strong>armat.</strong></span> 
     </span>
     <span class='ocr_line' id='line_1_8' title="bbox 170 1215 1001 1298; baseline 0.002 -21"><span class='ocrx_word' id='word_1_45' title='bbox 170 1215 271 1278; x_wconf 91' lang='lat' dir='ltr'><strong>Filius</strong></span> <span class='ocrx_word' id='word_1_46' title='bbox 288 1215 368 1279; x_wconf 93' lang='lat' dir='ltr'><strong>huic</strong></span> <span class='ocrx_word' id='word_1_47' title='bbox 384 1215 476 1278; x_wconf 89' lang='lat' dir='ltr'><strong>iuxta</strong></span> <span class='ocrx_word' id='word_1_48' title='bbox 494 1215 634 1292; x_wconf 88' lang='lat' dir='ltr'><strong>Lausus,</strong></span> <span class='ocrx_word' id='word_1_49' title='bbox 653 1237 718 1298; x_wconf 94' lang='lat' dir='ltr'><strong>quo</strong></span> <span class='ocrx_word' id='word_1_50' title='bbox 735 1216 903 1298; x_wconf 88' lang='lat' dir='ltr'><strong>pulchrior</strong></span> <span class='ocrx_word' id='word_1_51' title='bbox 919 1218 1001 1280; x_wconf 89' lang='lat' dir='ltr'><strong>alter</strong></span> 
     </span>
    </p>

    <p class='ocr_par' dir='ltr' id='par_1_5' title="bbox 82 1319 1057 1819">
     <span class='ocr_line' id='line_1_9' title="bbox 82 1319 980 1402; baseline 0.007 -24"><span class='ocrx_word' id='word_1_52' title='bbox 82 1331 132 1394; x_wconf 83' lang='lat'><strong>650</strong></span> <span class='ocrx_word' id='word_1_53' title='bbox 172 1322 249 1384; x_wconf 92' lang='lat' dir='ltr'><strong>Non</strong></span> <span class='ocrx_word' id='word_1_54' title='bbox 264 1319 340 1397; x_wconf 78' lang='lat' dir='ltr'><strong>ruit,</strong></span> <span class='ocrx_word' id='word_1_55' title='bbox 359 1328 499 1402; x_wconf 86' lang='lat' dir='ltr'><strong>excepto</strong></span> <span class='ocrx_word' id='word_1_56' title='bbox 517 1320 694 1384; x_wconf 89' lang='lat' dir='ltr'><strong>Laurentis</strong></span> <span class='ocrx_word' id='word_1_57' title='bbox 711 1341 850 1402; x_wconf 91' lang='lat' dir='ltr'><strong>corpore</strong></span> <span class='ocrx_word' id='word_1_58' title='bbox 866 1322 980 1384; x_wconf 92' lang='lat' dir='ltr'><strong>Turni.</strong></span> 
     </span>
     <span class='ocr_line' id='line_1_10' title="bbox 170 1423 1057 1508; baseline 0.002 -21"><span class='ocrx_word' id='word_1_59' title='bbox 170 1425 311 1500; x_wconf 75' lang='lat' dir='ltr'><strong>Lausus¹</strong></span> <span class='ocrx_word' id='word_1_60' title='bbox 329 1444 454 1506; x_wconf 91' lang='lat' dir='ltr'><strong>equum</strong></span> <span class='ocrx_word' id='word_1_61' title='bbox 471 1423 613 1487; x_wconf 92' lang='lat' dir='ltr'><strong>domitor</strong></span> <span class='ocrx_word' id='word_1_62' title='bbox 632 1423 883 1508; x_wconf 87' lang='lat' dir='ltr'><strong>debellatorque</strong></span> <span class='ocrx_word' id='word_1_63' title='bbox 901 1427 1057 1502; x_wconf 83' lang='lat' dir='ltr'><strong>ferarum,</strong></span> 
     </span>
     <span class='ocr_line' id='line_1_11' title="bbox 170 1527 972 1612; baseline 0 -20"><span class='ocrx_word' id='word_1_64' title='bbox 170 1528 271 1592; x_wconf 90' lang='lat' dir='ltr'><strong>Ducit</strong></span> <span class='ocrx_word' id='word_1_65' title='bbox 287 1527 452 1612; x_wconf 86' lang='lat' dir='ltr'><strong>Agyllina</strong></span> <span class='ocrx_word' id='word_1_66' title='bbox 468 1529 671 1610; x_wconf 89' lang='lat' dir='ltr'><strong>nequiquam</strong></span> <span class='ocrx_word' id='word_1_67' title='bbox 686 1549 727 1592; x_wconf 89' lang='lat' dir='ltr'><strong>ex</strong></span> <span class='ocrx_word' id='word_1_68' title='bbox 743 1529 824 1592; x_wconf 90' lang='lat' dir='ltr'><strong>urbe</strong></span> <span class='ocrx_word' id='word_1_69' title='bbox 841 1539 972 1594; x_wconf 87' lang='lat' dir='ltr'><strong>secutos</strong></span> 
     </span>
     <span class='ocr_line' id='line_1_12' title="bbox 169 1632 973 1716; baseline 0.002 -20"><span class='ocrx_word' id='word_1_70' title='bbox 169 1634 262 1696; x_wconf 90' lang='lat' dir='ltr'><strong>Mille</strong></span> <span class='ocrx_word' id='word_1_71' title='bbox 279 1632 380 1709; x_wconf 75' lang='lat' dir='ltr'><strong>viros</strong></span> <span class='ocrx_word' id='word_1_72' title='bbox 397 1632 529 1714; x_wconf 86' lang='lat' dir='ltr'><strong>dignus,</strong></span> <span class='ocrx_word' id='word_1_73' title='bbox 547 1633 662 1714; x_wconf 92' lang='lat' dir='ltr'><strong>patriis</strong></span> <span class='ocrx_word' id='word_1_74' title='bbox 681 1633 738 1716; x_wconf 92' lang='lat' dir='ltr'><strong>qui</strong></span> <span class='ocrx_word' id='word_1_75' title='bbox 754 1634 869 1698; x_wconf 87' lang='lat' dir='ltr'><strong>laetior</strong></span> <span class='ocrx_word' id='word_1_76' title='bbox 884 1644 973 1698; x_wconf 90' lang='lat' dir='ltr'><strong>esset</strong></span> 
     </span>
     <span class='ocr_line' id='line_1_13' title="bbox 171 1736 997 1819; baseline 0.001 -19"><span class='ocrx_word' id='word_1_77' title='bbox 171 1737 337 1819; x_wconf 88' lang='lat' dir='ltr'><strong>Imperiis,</strong></span> <span class='ocrx_word' id='word_1_78' title='bbox 355 1746 389 1801; x_wconf 92' lang='lat' dir='ltr'><strong>et</strong></span> <span class='ocrx_word' id='word_1_79' title='bbox 404 1736 459 1799; x_wconf 91' lang='lat' dir='ltr'><strong>cui</strong></span> <span class='ocrx_word' id='word_1_80' title='bbox 476 1746 572 1818; x_wconf 86' lang='lat' dir='ltr'><strong>pater</strong></span> <span class='ocrx_word' id='word_1_81' title='bbox 588 1737 677 1800; x_wconf 89' lang='lat' dir='ltr'><strong>haud</strong></span> <span class='ocrx_word' id='word_1_82' title='bbox 696 1738 884 1801; x_wconf 91' lang='lat' dir='ltr'><strong>Mezentius</strong></span> <span class='ocrx_word' id='word_1_83' title='bbox 901 1749 997 1802; x_wconf 90' lang='lat' dir='ltr'><strong>esset.</strong></span> 
     </span>
    </p>

    <p class='ocr_par' dir='ltr' id='par_1_6' title="bbox 86 1841 1190 2341">
     <span class='ocr_line' id='line_1_14' title="bbox 86 1841 1079 1924; baseline 0.007 -26"><span class='ocrx_word' id='word_1_84' title='bbox 86 1851 132 1916; x_wconf 81' lang='lat'><strong>655</strong></span> <span class='ocrx_word' id='word_1_85' title='bbox 215 1842 297 1905; x_wconf 89' lang='lat' dir='ltr'><strong>Post</strong></span> <span class='ocrx_word' id='word_1_86' title='bbox 312 1842 376 1905; x_wconf 93' lang='lat' dir='ltr'><strong>hos</strong></span> <span class='ocrx_word' id='word_1_87' title='bbox 392 1841 557 1922; x_wconf 86' lang='lat' dir='ltr'><strong>insignem</strong></span> <span class='ocrx_word' id='word_1_88' title='bbox 575 1842 687 1923; x_wconf 88' lang='lat' dir='ltr'><strong>palma</strong></span> <span class='ocrx_word' id='word_1_89' title='bbox 703 1863 764 1924; x_wconf 88' lang='lat' dir='ltr'><strong>per</strong></span> <span class='ocrx_word' id='word_1_90' title='bbox 779 1841 932 1923; x_wconf 89' lang='lat' dir='ltr'><strong>gramina</strong></span> <span class='ocrx_word' id='word_1_91' title='bbox 948 1863 1079 1907; x_wconf 87' lang='lat' dir='ltr'><strong>currum</strong></span> 
     </span>
     <span class='ocr_line' id='line_1_15' title="bbox 168 1946 1103 2028; baseline -0.001 -18"><span class='ocrx_word' id='word_1_92' title='bbox 168 1947 392 2027; x_wconf 85' lang='lat' dir='ltr'><strong>Victoresque</strong></span> <span class='ocrx_word' id='word_1_93' title='bbox 408 1955 555 2010; x_wconf 88' lang='lat' dir='ltr'><strong>ostentat</strong></span> <span class='ocrx_word' id='word_1_94' title='bbox 570 1966 674 2028; x_wconf 90' lang='lat' dir='ltr'><strong>equos</strong></span> <span class='ocrx_word' id='word_1_95' title='bbox 691 1956 782 2010; x_wconf 89' lang='lat' dir='ltr'><strong>satus</strong></span> <span class='ocrx_word' id='word_1_96' title='bbox 801 1947 947 2010; x_wconf 90' lang='lat' dir='ltr'><strong>Hercule</strong></span> <span class='ocrx_word' id='word_1_97' title='bbox 964 1946 1103 2028; x_wconf 88' lang='lat' dir='ltr'><strong>pulchro</strong></span> 
     </span>
     <span class='ocr_line' id='line_1_16' title="bbox 170 2049 1061 2133; baseline -0.001 -20"><span class='ocrx_word' id='word_1_98' title='bbox 170 2050 314 2114; x_wconf 88' lang='lat' dir='ltr'><strong>Pulcher</strong></span> <span class='ocrx_word' id='word_1_99' title='bbox 329 2049 530 2126; x_wconf 89' lang='lat' dir='ltr'><strong>Aventinus,</strong></span> <span class='ocrx_word' id='word_1_100' title='bbox 548 2050 722 2133; x_wconf 91' lang='lat' dir='ltr'><strong>clipeoque</strong></span> <span class='ocrx_word' id='word_1_101' title='bbox 738 2050 868 2132; x_wconf 89' lang='lat' dir='ltr'><strong>insigne</strong></span> <span class='ocrx_word' id='word_1_102' title='bbox 885 2061 1061 2132; x_wconf 89' lang='lat' dir='ltr'><strong>paternum</strong></span> 
     </span>
     <span class='ocr_line' id='line_1_17' title="bbox 171 2154 1190 2239; baseline -0.002 -20"><span class='ocrx_word' id='word_1_103' title='bbox 171 2156 315 2219; x_wconf 90' lang='lat' dir='ltr'><strong>Centum</strong></span> <span class='ocrx_word' id='word_1_104' title='bbox 333 2174 463 2236; x_wconf 86' lang='lat' dir='ltr'><strong>angues</strong></span> <span class='ocrx_word' id='word_1_105' title='bbox 480 2154 690 2237; x_wconf 90' lang='lat' dir='ltr'><strong>cinctamque</strong></span> <span class='ocrx_word' id='word_1_106' title='bbox 703 2154 788 2236; x_wconf 91' lang='lat' dir='ltr'><strong>gerit</strong></span> <span class='ocrx_word' id='word_1_107' title='bbox 802 2155 1013 2236; x_wconf 89' lang='lat' dir='ltr'><strong>serpentibus</strong></span> <span class='ocrx_word' id='word_1_108' title='bbox 1030 2154 1170 2239; x_wconf 93' lang='lat' dir='ltr'><strong>hydram</strong></span> <span class='ocrx_word' id='word_1_109' title='bbox 1183 2176 1190 2231; x_wconf 91' lang='lat'>;</span> 
     </span>
     <span class='ocr_line' id='line_1_18' title="bbox 171 2258 956 2341; baseline -0.003 -17"><span class='ocrx_word' id='word_1_110' title='bbox 171 2259 273 2324; x_wconf 89' lang='lat' dir='ltr'><strong>Collis</strong></span> <span class='ocrx_word' id='word_1_111' title='bbox 290 2258 454 2322; x_wconf 90' lang='lat' dir='ltr'><strong>Aventini</strong></span> <span class='ocrx_word' id='word_1_112' title='bbox 471 2259 554 2320; x_wconf 94' lang='lat' dir='ltr'><strong>silva</strong></span> <span class='ocrx_word' id='word_1_113' title='bbox 570 2280 668 2341; x_wconf 91' lang='lat' dir='ltr'><strong>quem</strong></span> <span class='ocrx_word' id='word_1_114' title='bbox 687 2260 784 2322; x_wconf 91' lang='lat' dir='ltr'><strong>Rhea</strong></span> <span class='ocrx_word' id='word_1_115' title='bbox 799 2259 956 2322; x_wconf 88' lang='lat' dir='ltr'><strong>sacerdos</strong></span> 
     </span>
    </p>

    <p class='ocr_par' dir='ltr' id='par_1_7' title="bbox 90 2363 910 2450">
     <span class='ocr_line' id='line_1_19' title="bbox 90 2363 910 2450; baseline 0.001 -25"><span class='ocrx_word' id='word_1_116' title='bbox 90 2374 132 2424; x_wconf 85' lang='lat'><strong>660</strong></span> <span class='ocrx_word' id='word_1_117' title='bbox 172 2363 346 2426; x_wconf 84' lang='lat' dir='ltr'><strong>Furtivum</strong></span> <span class='ocrx_word' id='word_1_118' title='bbox 363 2373 462 2445; x_wconf 86' lang='lat' dir='ltr'><strong>partu</strong></span> <span class='ocrx_word' id='word_1_119' title='bbox 479 2363 541 2426; x_wconf 92' lang='lat' dir='ltr'><strong>sub</strong></span> <span class='ocrx_word' id='word_1_120' title='bbox 558 2363 691 2450; x_wconf 85' lang='lat' dir='ltr'><strong>luminis</strong></span> <span class='ocrx_word' id='word_1_121' title='bbox 707 2363 810 2428; x_wconf 87' lang='lat' dir='ltr'><strong>edidit</strong></span> <span class='ocrx_word' id='word_1_122' title='bbox 826 2384 910 2440; x_wconf 92' lang='lat' dir='ltr'><strong>oras,</strong></span> 
     </span>
    </p>

    <p class='ocr_par' dir='ltr' id='par_1_8' title="bbox 173 2468 1020 2657">
     <span class='ocr_line' id='line_1_20' title="bbox 173 2468 1020 2550; baseline 0 -20"><span class='ocrx_word' id='word_1_123' title='bbox 173 2468 280 2531; x_wconf 88' lang='lat' dir='ltr'><strong>Mixta</strong></span> <span class='ocrx_word' id='word_1_124' title='bbox 296 2468 360 2532; x_wconf 92' lang='lat' dir='ltr'><strong>deo</strong></span> <span class='ocrx_word' id='word_1_125' title='bbox 377 2468 504 2544; x_wconf 90' lang='lat' dir='ltr'><strong>mulier,</strong></span> <span class='ocrx_word' id='word_1_126' title='bbox 522 2478 699 2550; x_wconf 87' lang='lat' dir='ltr'><strong>postquam</strong></span> <span class='ocrx_word' id='word_1_127' title='bbox 717 2469 899 2532; x_wconf 90' lang='lat' dir='ltr'><strong>Laurentia</strong></span> <span class='ocrx_word' id='word_1_128' title='bbox 914 2470 1020 2532; x_wconf 91' lang='lat' dir='ltr'><strong>victor</strong></span> 
     </span>
     <span class='ocr_line' id='line_1_21' title="bbox 173 2571 951 2657; baseline 0 -21"><span class='ocrx_word' id='word_1_129' title='bbox 173 2574 328 2657; x_wconf 87' lang='lat' dir='ltr'><strong>Geryone</strong></span> <span class='ocrx_word' id='word_1_130' title='bbox 344 2573 508 2634; x_wconf 88' lang='lat' dir='ltr'><strong>exstincto</strong></span> <span class='ocrx_word' id='word_1_131' title='bbox 525 2571 721 2656; x_wconf 85' lang='lat' dir='ltr'><strong>Tirynthius</strong></span> <span class='ocrx_word' id='word_1_132' title='bbox 737 2573 848 2655; x_wconf 88' lang='lat' dir='ltr'><strong>attigit</strong></span> <span class='ocrx_word' id='word_1_133' title='bbox 864 2593 951 2649; x_wconf 87' lang='lat' dir='ltr'><strong>arva,</strong></span> 
     </span>
    </p>

    <p class='ocr_par' dir='ltr' id='par_1_9' title="bbox 173 2676 1016 2862">
     <span class='ocr_line' id='line_1_22' title="bbox 173 2676 1006 2761; baseline 0 -21"><span class='ocrx_word' id='word_1_134' title='bbox 173 2678 417 2761; x_wconf 88' lang='lat' dir='ltr'><strong>Tyrrhenoque</strong></span> <span class='ocrx_word' id='word_1_135' title='bbox 432 2677 535 2740; x_wconf 93' lang='lat' dir='ltr'><strong>boves</strong></span> <span class='ocrx_word' id='word_1_136' title='bbox 550 2678 585 2740; x_wconf 93' lang='lat' dir='ltr'><strong>in</strong></span> <span class='ocrx_word' id='word_1_137' title='bbox 602 2676 738 2740; x_wconf 90' lang='lat' dir='ltr'><strong>flumine</strong></span> <span class='ocrx_word' id='word_1_138' title='bbox 754 2677 834 2740; x_wconf 86' lang='lat' dir='ltr'><strong>lavit</strong></span> <span class='ocrx_word' id='word_1_139' title='bbox 852 2677 1006 2740; x_wconf 90' lang='lat' dir='ltr'><strong>Hiberas.</strong></span> 
     </span>
     <span class='ocr_line' id='line_1_23' title="bbox 174 2780 1016 2862; baseline 0.001 -19"><span class='ocrx_word' id='word_1_140' title='bbox 174 2781 243 2843; x_wconf 94' lang='lat' dir='ltr'><strong>Pila</strong></span> <span class='ocrx_word' id='word_1_141' title='bbox 259 2801 362 2844; x_wconf 86' lang='lat' dir='ltr'><strong>manu</strong></span> <span class='ocrx_word' id='word_1_142' title='bbox 378 2801 563 2862; x_wconf 91' lang='lat' dir='ltr'><strong>saevosque</strong></span> <span class='ocrx_word' id='word_1_143' title='bbox 579 2791 701 2862; x_wconf 90' lang='lat' dir='ltr'><strong>gerunt</strong></span> <span class='ocrx_word' id='word_1_144' title='bbox 716 2783 749 2843; x_wconf 92' lang='lat' dir='ltr'><strong>in</strong></span> <span class='ocrx_word' id='word_1_145' title='bbox 765 2780 854 2844; x_wconf 91' lang='lat' dir='ltr'><strong>bella</strong></span> <span class='ocrx_word' id='word_1_146' title='bbox 869 2782 1016 2857; x_wconf 71' lang='lat' dir='ltr'><strong>dolones</strong></span> 
     </span>
    </p>

    <p class='ocr_par' dir='ltr' id='par_1_10' title="bbox 91 2885 1025 3280">
     <span class='ocr_line' id='line_1_24' title="bbox 91 2885 1000 2967; baseline 0.007 -25"><span class='ocrx_word' id='word_1_147' title='bbox 91 2894 135 2959; x_wconf 81' lang='lat'><strong>665</strong></span> <span class='ocrx_word' id='word_1_148' title='bbox 176 2885 219 2949; x_wconf 91' lang='lat' dir='ltr'><strong>Et</strong></span> <span class='ocrx_word' id='word_1_149' title='bbox 234 2887 334 2949; x_wconf 90' lang='lat' dir='ltr'><strong>tereti</strong></span> <span class='ocrx_word' id='word_1_150' title='bbox 351 2895 505 2966; x_wconf 83' lang='lat' dir='ltr'><strong>pugnant</strong></span> <span class='ocrx_word' id='word_1_151' title='bbox 522 2905 678 2948; x_wconf 89' lang='lat' dir='ltr'><strong>mucrone</strong></span> <span class='ocrx_word' id='word_1_152' title='bbox 694 2905 841 2967; x_wconf 89' lang='lat' dir='ltr'><strong>veruque</strong></span> <span class='ocrx_word' id='word_1_153' title='bbox 860 2885 1000 2950; x_wconf 89' lang='lat' dir='ltr'><strong>Sabello.</strong></span> 
     </span>
     <span class='ocr_line' id='line_1_25' title="bbox 176 2989 1025 3072; baseline 0.001 -21"><span class='ocrx_word' id='word_1_154' title='bbox 176 2989 256 3071; x_wconf 91' lang='lat' dir='ltr'><strong>Ipse</strong></span> <span class='ocrx_word' id='word_1_155' title='bbox 271 2989 385 3071; x_wconf 88' lang='lat' dir='ltr'><strong>pedes,</strong></span> <span class='ocrx_word' id='word_1_156' title='bbox 403 2999 559 3070; x_wconf 90' lang='lat' dir='ltr'><strong>tegumen</strong></span> <span class='ocrx_word' id='word_1_157' title='bbox 575 2999 735 3072; x_wconf 91' lang='lat' dir='ltr'><strong>torquens</strong></span> <span class='ocrx_word' id='word_1_158' title='bbox 751 2989 895 3052; x_wconf 89' lang='lat' dir='ltr'><strong>immane</strong></span> <span class='ocrx_word' id='word_1_159' title='bbox 912 2989 1025 3064; x_wconf 91' lang='lat' dir='ltr'><strong>leonis,</strong></span> 
     </span>
     <span class='ocr_line' id='line_1_26' title="bbox 173 3092 1005 3176; baseline 0 -20"><span class='ocrx_word' id='word_1_160' title='bbox 173 3093 329 3157; x_wconf 89' lang='lat' dir='ltr'><strong>Terribili</strong></span> <span class='ocrx_word' id='word_1_161' title='bbox 345 3093 514 3176; x_wconf 84' lang='lat' dir='ltr'><strong>impexum</strong></span> <span class='ocrx_word' id='word_1_162' title='bbox 530 3103 631 3170; x_wconf 87' lang='lat' dir='ltr'><strong>saeta,</strong></span> <span class='ocrx_word' id='word_1_163' title='bbox 649 3114 724 3157; x_wconf 93' lang='lat' dir='ltr'><strong>cum</strong></span> <span class='ocrx_word' id='word_1_164' title='bbox 741 3092 896 3156; x_wconf 89' lang='lat' dir='ltr'><strong>dentibus</strong></span> <span class='ocrx_word' id='word_1_165' title='bbox 913 3092 1005 3168; x_wconf 74' lang='lat' dir='ltr'><strong>albis</strong></span> 
     </span>
     <span class='ocr_line' id='line_1_27' title="bbox 175 3197 882 3280; baseline 0 -20"><span class='ocrx_word' id='word_1_166' title='bbox 175 3199 319 3262; x_wconf 88' lang='lat' dir='ltr'><strong>indutus</strong></span> <span class='ocrx_word' id='word_1_167' title='bbox 336 3198 446 3280; x_wconf 89' lang='lat' dir='ltr'><strong>capiti,</strong></span> <span class='ocrx_word' id='word_1_168' title='bbox 464 3198 510 3262; x_wconf 94' lang='lat' dir='ltr'><strong>sic</strong></span> <span class='ocrx_word' id='word_1_169' title='bbox 527 3198 620 3280; x_wconf 88' lang='lat' dir='ltr'><strong>regia</strong></span> <span class='ocrx_word' id='word_1_170' title='bbox 637 3208 725 3262; x_wconf 88' lang='lat' dir='ltr'><strong>tecta</strong></span> <span class='ocrx_word' id='word_1_171' title='bbox 741 3197 882 3273; x_wconf 88' lang='lat' dir='ltr'><strong>subibat,</strong></span> 
     </span>
    </p>

    <p class='ocr_par' dir='ltr' id='par_1_11' title="bbox 175 3301 1058 3385">
     <span class='ocr_line' id='line_1_28' title="bbox 175 3301 1058 3385; baseline -0.001 -20"><span class='ocrx_word' id='word_1_172' title='bbox 175 3302 353 3378; x_wconf 72' lang='lat' dir='ltr'><strong>Horridus</strong></span> <span class='ocrx_word' id='word_1_173' title='bbox 373 3303 607 3385; x_wconf 89' lang='lat' dir='ltr'><strong>Herculeoque</strong></span> <span class='ocrx_word' id='word_1_174' title='bbox 625 3323 755 3366; x_wconf 91' lang='lat' dir='ltr'><strong>umeros</strong></span> <span class='ocrx_word' id='word_1_175' title='bbox 771 3302 912 3364; x_wconf 87' lang='lat' dir='ltr'><strong>innexus</strong></span> <span class='ocrx_word' id='word_1_176' title='bbox 928 3301 1058 3364; x_wconf 89' lang='lat' dir='ltr'><strong>amictu.</strong></span> 
     </span>
    </p>

    <p class='ocr_par' dir='ltr' id='par_1_12' title="bbox 91 3405 1086 3904">
     <span class='ocr_line' id='line_1_29' title="bbox 91 3405 1079 3488; baseline 0 -21"><span class='ocrx_word' id='word_1_177' title='bbox 91 3419 134 3480; x_wconf 84' lang='lat'><strong>670</strong></span> <span class='ocrx_word' id='word_1_178' title='bbox 218 3408 305 3469; x_wconf 93' lang='lat' dir='ltr'><strong>Tum</strong></span> <span class='ocrx_word' id='word_1_179' title='bbox 322 3406 448 3488; x_wconf 87' lang='lat' dir='ltr'><strong>gemini</strong></span> <span class='ocrx_word' id='word_1_180' title='bbox 463 3407 584 3470; x_wconf 84' lang='lat' dir='ltr'><strong>fratres</strong></span> <span class='ocrx_word' id='word_1_181' title='bbox 602 3407 752 3468; x_wconf 91' lang='lat' dir='ltr'><strong>Tiburtia</strong></span> <span class='ocrx_word' id='word_1_182' title='bbox 769 3405 900 3470; x_wconf 89' lang='lat' dir='ltr'><strong>moenia</strong></span> <span class='ocrx_word' id='word_1_183' title='bbox 916 3405 1079 3488; x_wconf 84' lang='lat' dir='ltr'><strong>linquunt,</strong></span> 
     </span>
     <span class='ocr_line' id='line_1_30' title="bbox 176 3510 966 3592; baseline -0.003 -18"><span class='ocrx_word' id='word_1_184' title='bbox 176 3510 303 3574; x_wconf 86' lang='lat' dir='ltr'><strong>Fratris</strong></span> <span class='ocrx_word' id='word_1_185' title='bbox 320 3510 451 3574; x_wconf 90' lang='lat' dir='ltr'><strong>Tiburti</strong></span> <span class='ocrx_word' id='word_1_186' title='bbox 467 3511 589 3574; x_wconf 90' lang='lat' dir='ltr'><strong>dictam</strong></span> <span class='ocrx_word' id='word_1_187' title='bbox 606 3511 805 3592; x_wconf 90' lang='lat' dir='ltr'><strong>cognomine</strong></span> <span class='ocrx_word' id='word_1_188' title='bbox 820 3519 966 3592; x_wconf 85' lang='lat' dir='ltr'><strong>gentem,</strong></span> 
     </span>
     <span class='ocr_line' id='line_1_31' title="bbox 175 3615 994 3697; baseline -0.001 -18"><span class='ocrx_word' id='word_1_189' title='bbox 175 3615 382 3697; x_wconf 88' lang='lat' dir='ltr'><strong>Catillusque</strong></span> <span class='ocrx_word' id='word_1_190' title='bbox 398 3635 539 3697; x_wconf 89' lang='lat' dir='ltr'><strong>acerque</strong></span> <span class='ocrx_word' id='word_1_191' title='bbox 556 3615 669 3689; x_wconf 78' lang='lat' dir='ltr'><strong>Cor&#39;aS,</strong></span> <span class='ocrx_word' id='word_1_192' title='bbox 687 3615 817 3696; x_wconf 85' lang='lat' dir='ltr'><strong>Argiva</strong></span> <span class='ocrx_word' id='word_1_193' title='bbox 832 3615 994 3691; x_wconf 70' lang='lat' dir='ltr'><strong>iuventus</strong></span> 
     </span>
     <span class='ocr_line' id='line_1_32' title="bbox 176 3719 1086 3801; baseline -0.002 -20"><span class='ocrx_word' id='word_1_194' title='bbox 176 3721 221 3783; x_wconf 92' lang='lat' dir='ltr'><strong>Et</strong></span> <span class='ocrx_word' id='word_1_195' title='bbox 238 3719 378 3801; x_wconf 90' lang='lat' dir='ltr'><strong>primam</strong></span> <span class='ocrx_word' id='word_1_196' title='bbox 396 3729 473 3782; x_wconf 91' lang='lat' dir='ltr'><strong>ante</strong></span> <span class='ocrx_word' id='word_1_197' title='bbox 490 3719 593 3783; x_wconf 92' lang='lat' dir='ltr'><strong>aciem</strong></span> <span class='ocrx_word' id='word_1_198' title='bbox 611 3720 715 3782; x_wconf 91' lang='lat' dir='ltr'><strong>densa</strong></span> <span class='ocrx_word' id='word_1_199' title='bbox 731 3721 817 3781; x_wconf 91' lang='lat' dir='ltr'><strong>inter</strong></span> <span class='ocrx_word' id='word_1_200' title='bbox 833 3719 900 3782; x_wconf 91' lang='lat' dir='ltr'><strong>tela</strong></span> <span class='ocrx_word' id='word_1_201' title='bbox 915 3720 1086 3782; x_wconf 87' lang='lat' dir='ltr'><strong>feruntur:</strong></span> 
     </span>
     <span class='ocr_line' id='line_1_33' title="bbox 177 3820 1046 3904; baseline -0.005 -16"><span class='ocrx_word' id='word_1_202' title='bbox 177 3823 248 3888; x_wconf 89' lang='lat' dir='ltr'><strong>Ceu</strong></span> <span class='ocrx_word' id='word_1_203' title='bbox 263 3823 329 3886; x_wconf 91' lang='lat' dir='ltr'><strong>duo</strong></span> <span class='ocrx_word' id='word_1_204' title='bbox 348 3823 536 3904; x_wconf 91' lang='lat' dir='ltr'><strong>nubigenae</strong></span> <span class='ocrx_word' id='word_1_205' title='bbox 552 3843 626 3886; x_wconf 92' lang='lat' dir='ltr'><strong>cum</strong></span> <span class='ocrx_word' id='word_1_206' title='bbox 643 3824 767 3885; x_wconf 90' lang='lat' dir='ltr'><strong>vertice</strong></span> <span class='ocrx_word' id='word_1_207' title='bbox 784 3823 905 3884; x_wconf 90' lang='lat' dir='ltr'><strong>montis</strong></span> <span class='ocrx_word' id='word_1_208' title='bbox 921 3820 963 3883; x_wconf 91' lang='lat' dir='ltr'><strong>ab</strong></span> <span class='ocrx_word' id='word_1_209' title='bbox 980 3822 1046 3884; x_wconf 93' lang='lat' dir='ltr'><strong>alto</strong></span> 
     </span>
    </p>
   </div>
   <div class='ocr_carea' id='block_1_4' title="bbox 0 0 1414 4286">
    <p class='ocr_par' dir='ltr' id='par_1_13' title="bbox 0 0 1414 4286">
     <span class='ocr_line' id='line_1_34' title="bbox 0 0 1414 4286; baseline 0 0"><span class='ocrx_word' id='word_1_210' title='bbox 0 0 1414 4286; x_wconf 95' lang='lat' dir='ltr'><strong> </strong></span> 
     </span>
    </p>
   </div>
  </div>
 </body>
</html>
