2796 4282
212 316 269 392 138
564 319 720 372 VERGlLl
748 319 947 372 AENElDOS

294 499 440 564 Vidisset
456 499 650 581 tristemque
667 499 729 561 hoc
746 499 818 579 ipso
834 498 867 560 in
886 497 979 560 litore
996 496 1174 578 pugnam?

296 605 391 666 Haec
408 623 587 684 germanus
606 604 694 686 Eryx
712 603 878 684 quondam
895 611 972 664 tuus
989 621 1081 663 arma
1098 601 1254 682 gerebat;

296 709 467 789 Sanguine
485 709 592 770 cernis
609 708 717 768 adhuc
734 726 915 788 sparsoque
932 705 1057 768 iniecta
1075 705 1230 780 cerebr0;

297 813 361 875 His
378 833 535 894 magnum
554 811 697 874 Alciden
716 820 831 873 contra
848 809 955 887 stetit;
981 811 1031 872 his
1048 830 1112 891 ego
1130 818 1253 882 suetus,

207 945 234 991 41
241 944 254 995 5
297 919 385 980 Dum
405 916 519 979 melior
532 916 617 978 vires
634 915 769 995 sanguis
787 915 896 990 dabat,
914 915 1044 977 aemula
1060 915 1206 976 necdum

294 1020 517 1102 Temporibus
534 1019 676 1101 geminis
692 1019 833 1082 canebat
850 1039 966 1100 sparsa
984 1027 1146 1082 senectus.

297 1125 364 1188 Sed
382 1125 408 1187 si
425 1135 539 1187 nostra
558 1126 666 1186 Dares
683 1125 766 1186 haec
783 1124 903 1186 Tro'lus
922 1143 1013 1185 arma
1030 1132 1172 1196 recusat,

298 1230 403 1311 quue
421 1229 475 1310 pio
493 1229 584 1291 sedet
601 1229 750 1303 Aeneae,
768 1229 886 1309 probat
903 1237 1017 1290 auctor
1033 1228 1188 1300 Acestes

297 1334 491 1415 Aequemus
509 1354 649 1414 pugnas.
699 1333 816 1416 Erycis
832 1332 892 1395 tibi
908 1341 1002 1413 terga
1018 1331 1151 1393 remitto

210 1466 257 1513 420
297 1439 451 1502 -Solve
469 1423 672 1501 metus—et
689 1446 724 1499 tu
742 1437 904 1500 Troianos
920 1457 1002 1499 exue
1019 1435 1184 1498 caestus'’

300 1544 394 1604 Haec
412 1542 502 1604 fatus
518 1541 684 1623 duplicem
702 1562 741 1603 ex
758 1541 880 1603 umeris
896 1540 1009 1603 reiecit
1026 1541 1196 1614 amictum,

299 1647 344 1709 Et
361 1667 500 1727 magnos
518 1645 740 1708 membrorum
759 1655 859 1720 artus,
878 1665 1000 1725 magna
1017 1664 1092 1706 ossa
1109 1644 1316 1723 lacertosque

299 1751 408 1826 Exuit,
426 1760 525 1832 atque
542 1751 662 1830 ingens
679 1750 787 1811 media
804 1748 955 1812 consistit
971 1749 1106 1810 harena.

342 1856 428 1917 Tum
447 1864 538 1916 satus
557 1853 707 1916 Anchisa
724 1864 856 1916 caestus
873 1862 967 1934 pater
984 1851 1099 1915 extulit
1116 1871 1252 1932 aequos,

211 1985 258 2038 4²5
301 1959 349 2036 Et
361 1958 496 2040 paribus
513 1959 641 2039 palmas
658 1957 831 2019 amborum
849 1957 997 2019 innexuit
1013 1956 1121 2017 armis.

300 2063 455 2126 Constitit
472 2064 505 2124 in
523 2062 644 2143 digitos
661 2063 829 2142 extemplo
846 2071 993 2123 arrectus
1011 2069 1159 2142 uterque,

301 2167 527 2248 Bracchiaque
545 2166 585 2228 ad
603 2186 740 2247 superas
757 2165 925 2228 interritus
941 2165 1056 2228 extulit
1073 2184 1183 2226 auras.

301 2271 480 2333 Abduxere
497 2281 585 2332 retro
602 2270 700 2350 longe
717 2270 827 2350 capita
844 2270 947 2331 ardua
964 2268 1005 2331 ab
1021 2270 1098 2343 ictu,

301 2375 560 2456 Immiscentque
577 2393 695 2435 manus
712 2373 874 2448 manibus
894 2392 1109 2454 pugnamque
1132 2372 1318 2442 lacessunt;

212 2506 260 2556 430
302 2479 362 2540 Ille
379 2479 501 2557 pedum
519 2478 634 2540 melior
650 2488 752 2552 motu,
770 2478 941 2559 fretusque
958 2477 1100 2550 iuventa,

302 2582 368 2645 Hic
385 2582 541 2644 membris
558 2592 590 2644 et
606 2583 693 2643 mole
709 2583 843 2656 valens;
869 2582 927 2644 sed
943 2581 1038 2643 tarda
1054 2580 1212 2642 trementi

301 2687 418 2750 Genua
435 2685 557 2759 labant,
574 2696 686 2748 vastos
704 2686 808 2767 quatit
825 2705 926 2766 aeger
942 2685 1107 2746 anhelitus
1125 2693 1227 2746 artus

302 2791 409 2852 Multa
425 2791 485 2852 viri
502 2791 702 2871 nequiquam
721 2789 806 2858 inter
823 2810 857 2851 se
875 2790 1014 2851 vulnera
1030 2789 1164 2861 iactant,

303 2895 411 2956 Multa
428 2913 508 2956 cavo
526 2893 620 2955 lateri
637 2893 845 2974 ingeminant
862 2902 895 2955 et
912 2902 1046 2973 pectore
1062 2901 1176 2953 vastos

214 3024 260 3076 435
303 2998 395 3061 Dant
412 2998 548 3072 sonitus,
567 3006 720 3078 erratque
738 3017 834 3058 aures
851 3007 883 3059 et
900 3006 1050 3077 tempora
1067 2996 1189 3058 circum

302 3102 427 3165 Crebra
444 3121 571 3175 manus
590 3101 672 3163 duro
689 3101 853 3182 crepitant
871 3101 932 3162 sub
948 3100 1085 3162 vulnere
1102 3100 1218 3160 malae.

231 3247 233 3252 ,
346 3205 418 3268 Stat
435 3205 545 3286 gravis
564 3205 715 3267 Entellus
733 3205 873 3286 nisuque
891 3205 1046 3266 immotus
1063 3204 1189 3276 eodem,

302 3310 448 3391 Corpore
464 3309 530 3371 tela
547 3310 645 3371 modo
662 3320 761 3391 atque
778 3310 880 3371 oculis
896 3307 1110 3390 vigilantibus
1127 3307 1211 3382 exit;

304 3413 373 3488 Ille,
391 3413 480 3475 velut
497 3414 618 3475 celsam
637 3423 810 3494 oppugnat
827 3414 882 3494 qui
898 3411 1040 3474 molibus
1057 3410 1182 3484 urbem,

217 3544 261 3590 440
302 3519 373 3579 Aut
388 3526 545 3579 montana
563 3517 655 3579 sedet
672 3518 794 3578 circum
813 3516 947 3578 castella
965 3515 1026 3578 sub
1043 3515 1151 3587 armis,

303 3621 403 3682 Nunc
419 3621 489 3694 hos,
507 3640 596 3682 nunc
612 3621 684 3682 illos
703 3621 819 3694 aditus,
838 3639 1036 3700 omnemque
1054 3627 1202 3699 pererrat

304 3723 388 3783 Arte
404 3722 522 3795 locum,
541 3733 573 3784 et
588 3723 687 3784 variis
704 3723 888 3785 adsultibus
905 3723 1022 3784 inritus
1039 3731 1143 3802 urget.

304 3823 461 3886 Ostendit
477 3823 626 3885 dextram
642 3825 818 3905 insurgens
837 3825 990 3888 Entellus
1006 3835 1039 3888 et
1055 3826 1121 3888 alte
