2796 4282
491 327 605 380 LIBER
630 328 800 381 TERTIUS

175 504 368 569 Dissiluisse
385 506 512 581 ferunt,
530 527 604 569 cum
622 508 773 588 protinus
790 516 929 590 utraque
946 507 1044 570 tellus

174 611 248 674 Una
264 611 373 686 foret3
398 610 492 673 venit
508 612 615 674 medio
630 611 663 674 vi
679 621 801 693 pontus
818 621 851 675 et
867 611 964 674 undis

174 715 379 796 Hesperium
397 714 511 779 Siculo
528 714 613 778 latus
630 715 779 791 abscidit,
798 736 944 798 arvaque
960 725 993 779 et
1010 718 1108 780 urbes

174 819 284 883 Litore
301 819 458 882 diductas
474 807 616 900 angusto
632 805 778 883 interluit
795 831 899 883 aestu.

81 950 135 996 420
175 925 338 986 Dextrum
357 924 471 1007 Scylla
488 924 584 1000 latua
601 924 731 986 laevum
749 925 928 1006 implacata
944 925 1132 1010 Charybdis

61 1079 64 1084 ,
174 1026 324 1104 Obsidet,
342 1037 444 1110 atque
459 1029 525 1091 imo
541 1028 687 1092 barathri
704 1038 753 1093 ter
769 1031 901 1111 gurgite
918 1040 1030 1094 vastos

174 1131 293 1196 Sorbet
309 1135 343 1197 in
362 1133 541 1215 abruptum
558 1133 687 1209 fluctus
706 1124 887 1217 rursusque
904 1134 965 1198 sub
982 1155 1080 1198 auras

174 1238 279 1320 Erigit
297 1239 444 1302 alternos
461 1248 495 1301 et
510 1238 618 1300 sidera
634 1238 787 1303 verberat
804 1240 901 1303 unda.

171 1340 219 1401 At
235 1339 384 1424 Scyllam
402 1339 510 1402 caecis
527 1338 659 1402 cohibet
672 1340 833 1421 spelunca
850 1340 993 1416 latebris,

84 1469 132 1521 4²5
172 1443 242 1507 Ora
258 1453 484 1506 exsertantem
500 1452 533 1506 et
550 1464 653 1507 naves
670 1443 703 1506 in
722 1464 800 1508 saxa
817 1445 1013 1509 trahentem.

173 1548 282 1611 Prima
300 1547 443 1610 hominis
459 1547 563 1610 facies
579 1557 612 1611 et
629 1549 768 1630 pulchro
785 1558 920 1630 pectore
936 1549 1030 1631 virgo

172 1653 263 1716 Pube
280 1663 389 1728 tenuS,
407 1661 575 1734 postrema
587 1653 724 1715 immani
740 1673 878 1734 corpore
895 1653 1008 1735 pistrix

173 1757 381 1839 Delphinum
399 1758 523 1820 caudas
539 1765 632 1821 utero
649 1758 826 1820 commissa
843 1758 1004 1839 luporum.

172 1863 324 1926 Praestat
341 1860 504 1924 Trinacrii
520 1871 625 1924 metas
641 1862 781 1924 lustrare
799 1863 947 1946 Pachyni

86 1994 130 2044 430
172 1968 382 2042 Cessantem,
400 1965 518 2047 longos
535 1976 567 2029 et
585 1966 842 2029 circumflectere
860 1987 985 2041 cursus

171 2071 284 2154 Quam
301 2071 404 2133 semel
422 2070 598 2133 informem
614 2080 709 2133 vasto
725 2070 847 2133 vidisse
864 2070 925 2133 sub
942 2080 1038 2134 antro

171 2176 320 2260 Scyllam
338 2186 371 2237 et
388 2174 549 2238 caeruleis
565 2175 703 2237 canibus
719 2175 909 2238 resonantia
927 2196 1013 2238 saxa.

216 2286 234 2312 “
246 2281 432 2355 Praeterea,
451 2281 477 2342 si
494 2299 558 2362 qua
574 2289 625 2342 est
643 2279 776 2341 Heleno
794 2279 978 2360 prudentia,
996 2281 1063 2341 vati

172 2385 208 2450 Si
224 2405 291 2468 qua
307 2384 399 2460 fides,
418 2385 564 2446 animum
581 2385 608 2446 si
624 2385 711 2446 veris
728 2385 844 2464 implet
860 2384 994 2464 Apollo¹

82 2515 129 2569 435
172 2491 289 2554 Unum
306 2488 388 2550 illud
404 2487 472 2563 tibi,
491 2497 568 2551 nate
585 2488 657 2563 dea,
676 2508 803 2570 proque
820 2487 974 2551 omnibus
991 2508 1092 2550 unum

172 2593 375 2667 Praedicam‚
393 2602 426 2655 et
445 2602 601 2672 repetens
620 2592 807 2674 iterumque
824 2592 1009 2675 iterumque
1029 2592 1190 2656 monebo:

172 2699 313 2761 Iunonis
330 2716 472 2779 magnae
488 2696 629 2778 primum
648 2717 745 2778 prece
762 2717 886 2759 numen
903 2697 1005 2759 adora
1015 2719 1021 2773 ;
1232 2696 1234 2701 ’

173 2801 294 2866 Iunoni
311 2821 393 2864 cane
409 2810 486 2864 vota
503 2800 619 2876 libenS,
637 2801 872 2883 dominamque
889 2809 1058 2882 potentem

172 2905 387 2988 Supplicibus
404 2925 526 2986 supera
542 2904 657 2968 donis:
682 2905 728 2968 sic
744 2906 887 2987 denique
902 2905 1008 2968 victor

86 3039 131 3085 44ο
171 3010 344 3082 Trinacria
360 3011 443 3073 fines
462 3011 564 3072 Italos
581 3011 711 3072 mittere
728 3011 850 3072 relicta.
993 3079 996 3086 p

216 3116 325 3178 “Huc
342 3114 398 3177 ubi
414 3114 543 3177 delatus
560 3114 741 3178 Cumaeam
758 3114 939 3176 accesseris
955 3113 1071 3177 urbem

174 3222 381 3302 Divinosque
397 3220 489 3283 lacus
506 3229 538 3282 et
555 3220 693 3283 Averna
710 3218 861 3282 sonantia
879 3218 978 3288 silvis

172 3327 331 3388 Insanam
348 3333 458 3388 vatem
476 3323 627 3407 aspicies,
645 3344 730 3406 quae
747 3343 829 3405 rupe
847 3323 908 3385 sub
925 3322 991 3385 ima

173 3431 258 3493 Fata
275 3431 363 3493 canit
381 3429 534 3513 foliisque
551 3438 646 3492 notas
664 3439 697 3491 et
714 3427 848 3493 nomina
865 3428 1010 3489 mandat.
1131 3515 1133 3519 ι

19 3579 20 3583 =
87 3561 130 3615 445
173 3534 415 3618 Quaecumque
431 3534 464 3596 in
481 3533 569 3599 foliis
586 3532 761 3615 descripsit
778 3533 925 3595 carmina
941 3533 1044 3612 virgo,

174 3637 306 3718 Digerit
322 3636 356 3698 in
373 3655 548 3700 numerum
565 3644 665 3716 atque
682 3642 778 3696 antro
795 3632 925 3696 seclusa
941 3632 1105 3713 relinquit.

174 3740 237 3803 illa
254 3749 390 3803 manent
405 3739 542 3804 immota
559 3737 640 3802 locis
657 3757 765 3819 neque
783 3737 824 3799 ab
841 3735 956 3799 ordine
973 3736 1116 3812 cedunt;

172 3845 298 3908 Verum
315 3844 442 3918 eadem,
459 3864 555 3908 verso
572 3843 682 3908 tenuis
698 3861 774 3909 cum
791 3839 925 3904 cardine
942 3849 1061 3902 ventus
