2800 4286
470 331 591 383 LIBER
616 330 796 383 OCTAVUS
1123 337 1183 400 223

154 508 353 590 Ingredere,
373 531 393 572 o
411 509 583 572 Teucrum
603 517 703 590 atque
724 507 845 570 Italum
863 505 1042 570 fortissime
1059 506 1184 570 ductor.

154 613 260 677 Hunc
276 614 339 676 tibi
358 622 546 695 praeterea,
564 632 642 694 spes
658 622 692 675 et
707 613 824 675 solatia
840 612 953 687 nostri,

73 738 114 791 515
150 717 307 780 Pallanta
326 718 534 798 adiungam;
561 717 622 779 sub
639 726 671 779 te
688 717 829 780 tolerare
847 715 1005 797 magistro

155 821 317 885 Militiam
335 831 371 884 et
388 841 492 903 grave
512 821 629 883 Martis
645 841 740 903 opus,
758 829 815 882 tua
832 840 968 884 cernere
986 820 1076 882 facta

155 925 365 1001 Adsuescat,
386 925 502 1007 primis
520 934 552 988 et
568 935 600 987 te
618 925 754 987 miretur
770 925 812 988 ab
829 926 934 988 annis

155 1031 315 1094 Arcadas
334 1031 412 1093 huic
429 1031 559 1112 equites
576 1029 627 1092 bis
644 1039 787 1106 centurn,
807 1029 925 1093 robora
941 1030 1038 1111 pubis

157 1134 276 1210 Lecta,
295 1135 396 1210 dabo,
413 1135 619 1216 totidemque
636 1155 696 1196 suo
712 1134 926 1198 tibimunere
944 1132 1083 1196 Pallas.’'

77 1257 120 1309 520
203 1240 271 1302 Vix
289 1259 331 1302 ea
348 1239 441 1301 fatus
458 1247 548 1301 erat:
573 1238 736 1320 defixique
754 1259 811 1301 ora
828 1237 987 1301 tenebant

159 1342 302 1406 Aeneas
320 1342 547 1406 Anchisiades
564 1353 597 1405 et
614 1343 699 1404 fidus
716 1343 885 1418 Achates;

161 1448 343 1530 Multaque
360 1448 444 1510 dura
461 1468 521 1509 suo
538 1447 623 1510 tristi
639 1467 712 1511 cum
732 1448 831 1510 corde
848 1447 1018 1528 putabant,

162 1551 209 1613 Ni
225 1552 361 1633 signum
379 1553 472 1615 caelo
489 1552 656 1635 Cytherea
673 1551 818 1614 dedisset
834 1560 959 1632 aperto.

144 1655 147 1660 '
163 1656 322 1737 Namque
339 1656 521 1736 improviso
536 1654 684 1718 vibratus
701 1655 743 1718 ab
760 1655 895 1718 aethere
912 1655 1024 1737 fulgor

84 1779 124 1832 525
163 1760 251 1822 Cum
269 1759 381 1822 sonitu
398 1759 500 1833 venit,
518 1769 550 1822 et
567 1779 662 1822 ruere
679 1761 790 1821 omnia
805 1759 876 1822 visa
892 1769 1037 1840 repente,

164 1864 433 1948 Tyrrhenusque
450 1863 550 1926 tubae
567 1864 695 1944 mugire
712 1884 771 1945 per
787 1865 922 1926 aethera
938 1865 1084 1944 clangor.

167 1967 382 2049 Suspiciunt;
407 1967 526 2029 iterum
538 1976 637 2050 atque
648 1968 765 2029 iterum
779 1968 1048 2048 fragorincre'pat
1058 1969 1185 2048 ingens

167 2072 274 2134 Arma
292 2072 378 2134 inter
395 2070 520 2132 nubem
537 2071 619 2134 caeli
635 2073 668 2134 in
685 2072 821 2152 regione
838 2091 955 2134 serena

168 2177 230 2238 Per
247 2176 368 2238 sudum
388 2174 521 2237 rutilare
537 2174 652 2238 vident
667 2184 700 2239 et
717 2177 813 2258 pulsa
829 2185 953 2238 tonare.

89 2298 131 2348 530
168 2280 375 2361 Obstipuere
392 2278 512 2342 animis
529 2280 602 2356 ahl3
627 2280 686 2342 sed
703 2281 824 2342 Trolus
841 2281 938 2342 heros

168 2384 345 2466 Adgnovit
362 2385 506 2446 sonitum
523 2392 556 2447 et
572 2384 667 2447 divae
684 2386 847 2465 promissa
863 2383 1020 2465 parentis,

211 2489 300 2550 Tum
324 2495 505 2550 memorat:
530 2493 548 2520 “
563 2489 615 2550 Ne
636 2508 724 2565 vero,
749 2489 882 2570 hospes
905 2508 947 2551 ne
973 2507 1095 2570 quaere
1117 2507 1189 2568 pro-

181 2667 185 2673 ,
257 2593 358 2667 fecto,

170 2695 278 2777 Quem
297 2716 414 2759 casum
431 2705 585 2777 portenta
600 2698 729 2773 ferant3
754 2717 818 2778 ego
835 2717 954 2778 poscor
971 2695 1126 2780 Olympo.

173 2801 248 2864 Hoc
266 2801 400 2883 signum
417 2801 536 2864 cecinit
552 2803 727 2863 missuram
744 2802 820 2864 diva
836 2801 984 2876 creatrix,

94 2922 132 2977 535
173 2905 208 2968 Si
224 2905 349 2968 bellum
366 2906 546 2986 ingrueret,
564 2905 794 2987 Vulcaniaque
812 2925 904 2968 arma
921 2925 980 2987 per
996 2925 1093 2966 auras

173 3010 333 3071 Laturam
350 3007 481 3071 auxilio.
1148 3092 1153 3101 Ι

173 3114 253 3175 Heu
269 3121 416 3195 quantae
431 3112 559 3176 miseris
576 3113 695 3176 caedes
714 3113 938 3176 Laurentibus
955 3112 1098 3175 instant!

173 3217 268 3299 Quas
296 3237 424 3299 poenas
454 3216 543 3292 mihi,
570 3217 693 3299 Turne,
722 3217 835 3280 dabis!
869 3237 969 3299 quarn
994 3217 1098 3280 multa
1128 3217 1190 3278 sub

261 3321 369 3383 undas

101 3456 104 3464 ·
174 3425 276 3488 Scuta
292 3425 398 3487 virum
415 3426 596 3508 galeasque
613 3435 646 3489 et
658 3426 758 3489 fortia
774 3446 913 3507 corpora
928 3425 1049 3501 volves

95 3549 136 3601 540
175 3529 303 3612 Thybri
320 3530 433 3612 pater!
482 3531 624 3593 Poscant
640 3531 736 3607 acieS,
755 3541 788 3594 et
804 3531 942 3593 foedera
957 3530 1130 3611 rumpant!
1144 3529 1160 3552 ”

220 3633 317 3697 Haec
333 3633 390 3696 ubi
405 3634 493 3697 dicta
510 3634 610 3709 dedit,
629 3636 710 3698 solio
727 3656 763 3698 se
778 3635 864 3698 tollit
880 3635 921 3696 ab
939 3636 1023 3709 alto;

177 3739 221 3800 Et
237 3738 380 3820 primum
399 3739 575 3801 Herculeis
593 3740 717 3821 sopitas
734 3740 866 3821 ignibus
882 3760 957 3802 aras

178 3843 319 3919 Excitat,
337 3843 596 3924 hesternumque
615 3845 736 3906 Larem
753 3863 939 3924 parvosque
958 3844 1098 3905 Penates
