<?xml version="1.0" encoding="UTF-8"?>
<!DOCTYPE html PUBLIC "-//W3C//DTD XHTML 1.0 Transitional//EN"
    "http://www.w3.org/TR/xhtml1/DTD/xhtml1-transitional.dtd">
<html xmlns="http://www.w3.org/1999/xhtml" xml:lang="en" lang="en">
 <head>
  <title>
</title>
<meta http-equiv="Content-Type" content="text/html;charset=utf-8" />
  <meta name='ocr-system' content='tesseract 3.04.00' />
  <meta name='ocr-capabilities' content='ocr_page ocr_carea ocr_par ocr_line ocrx_word'/>
</head>
<body>
  <div class='ocr_page' id='page_1' title='image "./virgilsaeneidbo00denngoog_0333.png"; bbox 0 0 2816 4282; ppageno 0'>
   <div class='ocr_carea' id='block_1_1' title="bbox 211 293 274 357">
    <p class='ocr_par' dir='ltr' id='par_1_1' title="bbox 211 293 274 357">
     <span class='ocr_line' id='line_1_1' title="bbox 211 293 274 357; baseline -0.016 0"><span class='ocrx_word' id='word_1_1' title='bbox 211 293 274 357; x_wconf 83' lang='lat'>314</span> 
     </span>
    </p>
   </div>
   <div class='ocr_carea' id='block_1_2' title="bbox 211 586 241 639">
    <p class='ocr_par' dir='ltr' id='par_1_2' title="bbox 211 586 241 639">
     <span class='ocr_line' id='line_1_2' title="bbox 211 586 241 639; baseline 0 0"><span class='ocrx_word' id='word_1_2' title='bbox 211 586 241 639; x_wconf 87' lang='lat'>25</span> 
     </span>
    </p>
   </div>
   <div class='ocr_carea' id='block_1_3' title="bbox 569 278 953 332">
    <p class='ocr_par' dir='ltr' id='par_1_3' title="bbox 569 278 953 332">
     <span class='ocr_line' id='line_1_3' title="bbox 569 278 953 332; baseline 0 0"><span class='ocrx_word' id='word_1_3' title='bbox 569 279 725 332; x_wconf 84' lang='lat' dir='ltr'>VERGlLl</span> <span class='ocrx_word' id='word_1_4' title='bbox 752 278 953 332; x_wconf 89' lang='lat' dir='ltr'>AENEIDOS</span> 
     </span>
    </p>
   </div>
   <div class='ocr_carea' id='block_1_4' title="bbox 299 457 1329 958">
    <p class='ocr_par' dir='ltr' id='par_1_4' title="bbox 299 457 1187 540">
     <span class='ocr_line' id='line_1_4' title="bbox 299 457 1187 540; baseline -0.006 -14"><span class='ocrx_word' id='word_1_5' title='bbox 299 462 384 527; x_wconf 88' lang='lat' dir='ltr'>Sunt</span> <span class='ocrx_word' id='word_1_6' title='bbox 400 459 484 524; x_wconf 87' lang='lat' dir='ltr'>aliae</span> <span class='ocrx_word' id='word_1_7' title='bbox 501 460 663 540; x_wconf 85' lang='lat' dir='ltr'>innuptae</span> <span class='ocrx_word' id='word_1_8' title='bbox 682 457 779 522; x_wconf 92' lang='lat' dir='ltr'>Latio</span> <span class='ocrx_word' id='word_1_9' title='bbox 796 467 829 520; x_wconf 90' lang='lat' dir='ltr'>et</span> <span class='ocrx_word' id='word_1_10' title='bbox 846 457 1070 522; x_wconf 87' lang='lat' dir='ltr'>Laurentibus</span> <span class='ocrx_word' id='word_1_11' title='bbox 1088 458 1187 540; x_wconf 88' lang='lat' dir='ltr'>agris,</span> 
     </span>
    </p>

    <p class='ocr_par' dir='ltr' id='par_1_5' title="bbox 299 561 1329 750">
     <span class='ocr_line' id='line_1_5' title="bbox 299 561 1329 647; baseline -0.005 -18"><span class='ocrx_word' id='word_1_12' title='bbox 299 568 370 629; x_wconf 90' lang='lat' dir='ltr'>Nec</span> <span class='ocrx_word' id='word_1_13' title='bbox 387 584 495 647; x_wconf 88' lang='lat' dir='ltr'>genus</span> <span class='ocrx_word' id='word_1_14' title='bbox 511 563 694 626; x_wconf 87' lang='lat' dir='ltr'>indecores.</span> <span class='ocrx_word' id='word_1_15' title='bbox 743 561 823 626; x_wconf 92' lang='lat' dir='ltr'>Sine</span> <span class='ocrx_word' id='word_1_16' title='bbox 840 581 892 624; x_wconf 91' lang='lat' dir='ltr'>me</span> <span class='ocrx_word' id='word_1_17' title='bbox 910 563 992 625; x_wconf 89' lang='lat' dir='ltr'>haec</span> <span class='ocrx_word' id='word_1_18' title='bbox 1009 561 1098 624; x_wconf 89' lang='lat' dir='ltr'>haud</span> <span class='ocrx_word' id='word_1_19' title='bbox 1115 562 1224 624; x_wconf 92' lang='lat' dir='ltr'>mollia</span> <span class='ocrx_word' id='word_1_20' title='bbox 1239 563 1329 624; x_wconf 85' lang='lat' dir='ltr'>fatu</span> 
     </span>
     <span class='ocr_line' id='line_1_6' title="bbox 299 667 1160 750; baseline -0.006 -17"><span class='ocrx_word' id='word_1_21' title='bbox 299 669 444 735; x_wconf 87' lang='lat' dir='ltr'>Sublatis</span> <span class='ocrx_word' id='word_1_22' title='bbox 461 670 589 750; x_wconf 90' lang='lat' dir='ltr'>aperire</span> <span class='ocrx_word' id='word_1_23' title='bbox 606 667 690 730; x_wconf 93' lang='lat' dir='ltr'>dolis</span> <span class='ocrx_word' id='word_1_24' title='bbox 700 688 707 743; x_wconf 95' lang='lat'>;</span> <span class='ocrx_word' id='word_1_25' title='bbox 733 667 831 729; x_wconf 93' lang='lat' dir='ltr'>simul</span> <span class='ocrx_word' id='word_1_26' title='bbox 847 667 910 729; x_wconf 93' lang='lat' dir='ltr'>hoc</span> <span class='ocrx_word' id='word_1_27' title='bbox 926 667 1037 729; x_wconf 90' lang='lat' dir='ltr'>animo</span> <span class='ocrx_word' id='word_1_28' title='bbox 1054 667 1160 728; x_wconf 90' lang='lat' dir='ltr'>hauri.</span> 
     </span>
    </p>

    <p class='ocr_par' dir='ltr' id='par_1_6' title="bbox 300 767 1089 852">
     <span class='ocr_line' id='line_1_7' title="bbox 300 767 1089 852; baseline -0.008 -14"><span class='ocrx_word' id='word_1_29' title='bbox 300 777 357 838; x_wconf 92' lang='lat' dir='ltr'>Me</span> <span class='ocrx_word' id='word_1_30' title='bbox 373 783 485 836; x_wconf 89' lang='lat' dir='ltr'>natam</span> <span class='ocrx_word' id='word_1_31' title='bbox 503 772 585 834; x_wconf 93' lang='lat' dir='ltr'>nulli</span> <span class='ocrx_word' id='word_1_32' title='bbox 601 767 750 834; x_wconf 87' lang='lat' dir='ltr'>veterum</span> <span class='ocrx_word' id='word_1_33' title='bbox 768 770 896 834; x_wconf 89' lang='lat' dir='ltr'>sociare</span> <span class='ocrx_word' id='word_1_34' title='bbox 913 791 1089 852; x_wconf 89' lang='lat' dir='ltr'>procorum</span> 
     </span>
    </p>

    <p class='ocr_par' dir='ltr' id='par_1_7' title="bbox 301 873 1288 958">
     <span class='ocr_line' id='line_1_8' title="bbox 301 873 1288 958; baseline -0.005 -17"><span class='ocrx_word' id='word_1_35' title='bbox 301 880 366 941; x_wconf 91' lang='lat' dir='ltr'>Fas</span> <span class='ocrx_word' id='word_1_36' title='bbox 382 887 462 954; x_wconf 91' lang='lat' dir='ltr'>erat,</span> <span class='ocrx_word' id='word_1_37' title='bbox 479 875 580 958; x_wconf 90' lang='lat' dir='ltr'>idque</span> <span class='ocrx_word' id='word_1_38' title='bbox 596 895 711 938; x_wconf 89' lang='lat' dir='ltr'>omnes</span> <span class='ocrx_word' id='word_1_39' title='bbox 728 874 861 956; x_wconf 90' lang='lat' dir='ltr'>divique</span> <span class='ocrx_word' id='word_1_40' title='bbox 878 873 1097 956; x_wconf 86' lang='lat' dir='ltr'>hominesque</span> <span class='ocrx_word' id='word_1_41' title='bbox 1114 874 1288 938; x_wconf 86' lang='lat' dir='ltr'>canebant.</span> 
     </span>
    </p>
   </div>
   <div class='ocr_carea' id='block_1_5' title="bbox 177 978 1090 1060">
    <p class='ocr_par' dir='ltr' id='par_1_8' title="bbox 177 978 1090 1060">
     <span class='ocr_line' id='line_1_9' title="bbox 177 978 1090 1060; baseline -0.003 -14"><span class='ocrx_word' id='word_1_42' title='bbox 177 1038 185 1052; x_wconf 84' lang='grc'>,</span> <span class='ocrx_word' id='word_1_43' title='bbox 298 983 415 1046; x_wconf 89' lang='lat' dir='ltr'>Victus</span> <span class='ocrx_word' id='word_1_44' title='bbox 432 1001 544 1044; x_wconf 89' lang='lat' dir='ltr'>amore</span> <span class='ocrx_word' id='word_1_45' title='bbox 559 979 616 1055; x_wconf 90' lang='lat' dir='ltr'>tui,</span> <span class='ocrx_word' id='word_1_46' title='bbox 634 987 778 1060; x_wconf 91' lang='lat' dir='ltr'>cognato</span> <span class='ocrx_word' id='word_1_47' title='bbox 795 978 957 1060; x_wconf 88' lang='lat' dir='ltr'>sanguine</span> <span class='ocrx_word' id='word_1_48' title='bbox 973 979 1090 1056; x_wconf 92' lang='lat' dir='ltr'>victus,</span> 
     </span>
    </p>
   </div>
   <div class='ocr_carea' id='block_1_6' title="bbox 297 1082 1342 3664">
    <p class='ocr_par' dir='ltr' id='par_1_9' title="bbox 297 1082 1206 1167">
     <span class='ocr_line' id='line_1_10' title="bbox 297 1082 1206 1167; baseline -0.002 -18"><span class='ocrx_word' id='word_1_49' title='bbox 297 1086 457 1167; x_wconf 88' lang='lat' dir='ltr'>Coniugis</span> <span class='ocrx_word' id='word_1_50' title='bbox 474 1094 507 1148; x_wconf 90' lang='lat' dir='ltr'>et</span> <span class='ocrx_word' id='word_1_51' title='bbox 524 1093 670 1147; x_wconf 88' lang='lat' dir='ltr'>maestae</span> <span class='ocrx_word' id='word_1_52' title='bbox 688 1082 841 1156; x_wconf 86' lang='lat' dir='ltr'>lacrimis,</span> <span class='ocrx_word' id='word_1_53' title='bbox 859 1083 967 1147; x_wconf 92' lang='lat' dir='ltr'>vincla</span> <span class='ocrx_word' id='word_1_54' title='bbox 983 1084 1095 1147; x_wconf 88' lang='lat' dir='ltr'>omnia</span> <span class='ocrx_word' id='word_1_55' title='bbox 1112 1087 1206 1167; x_wconf 89' lang='lat' dir='ltr'>rupi:</span> 
     </span>
    </p>

    <p class='ocr_par' dir='ltr' id='par_1_10' title="bbox 300 1188 1172 1271">
     <span class='ocr_line' id='line_1_11' title="bbox 300 1188 1172 1271; baseline -0.003 -17"><span class='ocrx_word' id='word_1_56' title='bbox 300 1193 498 1254; x_wconf 87' lang='lat' dir='ltr'>Promissam</span> <span class='ocrx_word' id='word_1_57' title='bbox 515 1189 621 1271; x_wconf 89' lang='lat' dir='ltr'>eripui</span> <span class='ocrx_word' id='word_1_58' title='bbox 636 1208 780 1270; x_wconf 87' lang='lat' dir='ltr'>genero;</span> <span class='ocrx_word' id='word_1_59' title='bbox 808 1209 899 1251; x_wconf 90' lang='lat' dir='ltr'>arma</span> <span class='ocrx_word' id='word_1_60' title='bbox 916 1188 1017 1270; x_wconf 90' lang='lat' dir='ltr'>impia</span> <span class='ocrx_word' id='word_1_61' title='bbox 1033 1189 1172 1271; x_wconf 91' lang='lat' dir='ltr'>sumpsi.</span> 
     </span>
    </p>

    <p class='ocr_par' dir='ltr' id='par_1_11' title="bbox 300 1295 1144 1377">
     <span class='ocr_line' id='line_1_12' title="bbox 300 1295 1144 1377; baseline -0.004 -18"><span class='ocrx_word' id='word_1_62' title='bbox 300 1296 349 1359; x_wconf 89' lang='lat' dir='ltr'>Ex</span> <span class='ocrx_word' id='word_1_63' title='bbox 365 1296 421 1358; x_wconf 93' lang='lat' dir='ltr'>illo</span> <span class='ocrx_word' id='word_1_64' title='bbox 437 1295 494 1377; x_wconf 95' lang='lat' dir='ltr'>qui</span> <span class='ocrx_word' id='word_1_65' title='bbox 510 1313 562 1356; x_wconf 87' lang='lat' dir='ltr'>me</span> <span class='ocrx_word' id='word_1_66' title='bbox 578 1312 685 1369; x_wconf 77' lang='lat' dir='ltr'>casuS,</span> <span class='ocrx_word' id='word_1_67' title='bbox 705 1313 800 1376; x_wconf 92' lang='lat' dir='ltr'>quae,</span> <span class='ocrx_word' id='word_1_68' title='bbox 818 1295 941 1366; x_wconf 88' lang='lat' dir='ltr'>Turne,</span> <span class='ocrx_word' id='word_1_69' title='bbox 959 1303 1144 1376; x_wconf 89' lang='lat' dir='ltr'>sequantur</span> 
     </span>
    </p>

    <p class='ocr_par' dir='ltr' id='par_1_12' title="bbox 299 1397 1125 1481">
     <span class='ocr_line' id='line_1_13' title="bbox 299 1397 1125 1481; baseline -0.002 -20"><span class='ocrx_word' id='word_1_70' title='bbox 299 1399 400 1473; x_wconf 88' lang='lat' dir='ltr'>Bella,</span> <span class='ocrx_word' id='word_1_71' title='bbox 417 1399 519 1474; x_wconf 91' lang='lat' dir='ltr'>vides,</span> <span class='ocrx_word' id='word_1_72' title='bbox 536 1409 679 1480; x_wconf 92' lang='lat' dir='ltr'>quantos</span> <span class='ocrx_word' id='word_1_73' title='bbox 698 1399 824 1481; x_wconf 92' lang='lat' dir='ltr'>primus</span> <span class='ocrx_word' id='word_1_74' title='bbox 842 1399 967 1480; x_wconf 86' lang='lat' dir='ltr'>patiare</span> <span class='ocrx_word' id='word_1_75' title='bbox 984 1397 1125 1460; x_wconf 90' lang='lat' dir='ltr'>labores.</span> 
     </span>
    </p>

    <p class='ocr_par' dir='ltr' id='par_1_13' title="bbox 300 1502 1035 1584">
     <span class='ocr_line' id='line_1_14' title="bbox 300 1502 1035 1584; baseline -0.004 -18"><span class='ocrx_word' id='word_1_76' title='bbox 300 1504 356 1566; x_wconf 89' lang='lat' dir='ltr'>Bis</span> <span class='ocrx_word' id='word_1_77' title='bbox 372 1523 495 1584; x_wconf 88' lang='lat' dir='ltr'>magna</span> <span class='ocrx_word' id='word_1_78' title='bbox 510 1502 587 1565; x_wconf 89' lang='lat' dir='ltr'>victi</span> <span class='ocrx_word' id='word_1_79' title='bbox 604 1523 718 1584; x_wconf 90' lang='lat' dir='ltr'>pugna</span> <span class='ocrx_word' id='word_1_80' title='bbox 735 1503 789 1566; x_wconf 87' lang='lat' dir='ltr'>vix</span> <span class='ocrx_word' id='word_1_81' title='bbox 804 1502 887 1566; x_wconf 91' lang='lat' dir='ltr'>urbe</span> <span class='ocrx_word' id='word_1_82' title='bbox 904 1513 1035 1566; x_wconf 90' lang='lat' dir='ltr'>tuemur</span> 
     </span>
    </p>

    <p class='ocr_par' dir='ltr' id='par_1_14' title="bbox 298 1606 1159 1692">
     <span class='ocr_line' id='line_1_15' title="bbox 298 1606 1159 1692; baseline -0.002 -20"><span class='ocrx_word' id='word_1_83' title='bbox 298 1608 384 1688; x_wconf 91' lang='lat' dir='ltr'>Spes</span> <span class='ocrx_word' id='word_1_84' title='bbox 402 1607 524 1683; x_wconf 87' lang='lat' dir='ltr'>Italas;</span> <span class='ocrx_word' id='word_1_85' title='bbox 549 1606 695 1670; x_wconf 90' lang='lat' dir='ltr'>recalent</span> <span class='ocrx_word' id='word_1_86' title='bbox 713 1615 826 1670; x_wconf 89' lang='lat' dir='ltr'>nostro</span> <span class='ocrx_word' id='word_1_87' title='bbox 843 1607 1015 1692; x_wconf 90' lang='lat' dir='ltr'>Thybrina</span> <span class='ocrx_word' id='word_1_88' title='bbox 1032 1607 1159 1670; x_wconf 88' lang='lat' dir='ltr'>fluenta</span> 
     </span>
    </p>

    <p class='ocr_par' dir='ltr' id='par_1_15' title="bbox 299 1711 1312 1898">
     <span class='ocr_line' id='line_1_16' title="bbox 299 1711 1252 1794; baseline -0.002 -18"><span class='ocrx_word' id='word_1_89' title='bbox 299 1711 468 1792; x_wconf 88' lang='lat' dir='ltr'>Sanguine</span> <span class='ocrx_word' id='word_1_90' title='bbox 485 1711 603 1787; x_wconf 90' lang='lat' dir='ltr'>adhuc,</span> <span class='ocrx_word' id='word_1_91' title='bbox 621 1712 796 1794; x_wconf 87' lang='lat' dir='ltr'>campique</span> <span class='ocrx_word' id='word_1_92' title='bbox 813 1712 967 1794; x_wconf 89' lang='lat' dir='ltr'>ingentes</span> <span class='ocrx_word' id='word_1_93' title='bbox 983 1711 1116 1774; x_wconf 88' lang='lat' dir='ltr'>ossibus</span> <span class='ocrx_word' id='word_1_94' title='bbox 1131 1713 1252 1775; x_wconf 88' lang='lat' dir='ltr'>albent.</span> 
     </span>
     <span class='ocr_line' id='line_1_17' title="bbox 343 1813 1312 1898; baseline -0.001 -20"><span class='ocrx_word' id='word_1_95' title='bbox 343 1816 450 1898; x_wconf 86' lang='lat' dir='ltr'>“Quo</span> <span class='ocrx_word' id='word_1_96' title='bbox 466 1815 592 1878; x_wconf 81' lang='lat' dir='ltr'>referor</span> <span class='ocrx_word' id='word_1_97' title='bbox 608 1815 752 1879; x_wconf 87' lang='lat' dir='ltr'>totiens?</span> <span class='ocrx_word' id='word_1_98' title='bbox 776 1836 860 1898; x_wconf 91' lang='lat' dir='ltr'>quae</span> <span class='ocrx_word' id='word_1_99' title='bbox 878 1825 1022 1878; x_wconf 91' lang='lat' dir='ltr'>mentem</span> <span class='ocrx_word' id='word_1_100' title='bbox 1039 1815 1171 1878; x_wconf 88' lang='lat' dir='ltr'>insania</span> <span class='ocrx_word' id='word_1_101' title='bbox 1187 1813 1312 1878; x_wconf 90' lang='lat' dir='ltr'>mutat?</span> 
     </span>
    </p>

    <p class='ocr_par' dir='ltr' id='par_1_16' title="bbox 299 1919 1190 2001">
     <span class='ocr_line' id='line_1_18' title="bbox 299 1919 1190 2001; baseline -0.001 -18"><span class='ocrx_word' id='word_1_102' title='bbox 299 1919 343 1995; x_wconf 89' lang='lat' dir='ltr'>Si,</span> <span class='ocrx_word' id='word_1_103' title='bbox 361 1920 475 1982; x_wconf 92' lang='lat' dir='ltr'>Turno</span> <span class='ocrx_word' id='word_1_104' title='bbox 491 1920 662 1995; x_wconf 74' lang='lat' dir='ltr'>exstincto</span> <span class='ocrx_word' id='word_1_105' title='bbox 683 1920 791 1983; x_wconf 88' lang='lat' dir='ltr'>socios</span> <span class='ocrx_word' id='word_1_106' title='bbox 807 1940 880 1983; x_wconf 93' lang='lat' dir='ltr'>sum</span> <span class='ocrx_word' id='word_1_107' title='bbox 897 1920 1024 1983; x_wconf 88' lang='lat' dir='ltr'>adscire</span> <span class='ocrx_word' id='word_1_108' title='bbox 1041 1928 1190 2001; x_wconf 88' lang='lat' dir='ltr'>paratus,</span> 
     </span>
    </p>

    <p class='ocr_par' dir='ltr' id='par_1_17' title="bbox 298 2023 1149 2110">
     <span class='ocr_line' id='line_1_19' title="bbox 298 2023 1149 2110; baseline -0.002 -22"><span class='ocrx_word' id='word_1_109' title='bbox 298 2024 365 2088; x_wconf 89' lang='lat' dir='ltr'>Cur</span> <span class='ocrx_word' id='word_1_110' title='bbox 382 2043 448 2086; x_wconf 93' lang='lat' dir='ltr'>non</span> <span class='ocrx_word' id='word_1_111' title='bbox 465 2023 621 2110; x_wconf 90' lang='lat' dir='ltr'>incolumi</span> <span class='ocrx_word' id='word_1_112' title='bbox 637 2023 747 2106; x_wconf 92' lang='lat' dir='ltr'>potius</span> <span class='ocrx_word' id='word_1_113' title='bbox 765 2023 947 2087; x_wconf 88' lang='lat' dir='ltr'>certamina</span> <span class='ocrx_word' id='word_1_114' title='bbox 961 2024 1064 2086; x_wconf 92' lang='lat' dir='ltr'>tollo?</span> <span class='ocrx_word' id='word_1_115' title='bbox 1146 2104 1149 2109; x_wconf 18' lang='grc' dir='ltr'>ι</span> 
     </span>
    </p>

    <p class='ocr_par' dir='ltr' id='par_1_18' title="bbox 298 2127 1342 2216">
     <span class='ocr_line' id='line_1_20' title="bbox 298 2127 1342 2216; baseline 0.001 -26"><span class='ocrx_word' id='word_1_116' title='bbox 298 2127 388 2210; x_wconf 87' lang='lat' dir='ltr'>Quid</span> <span class='ocrx_word' id='word_1_117' title='bbox 404 2127 643 2208; x_wconf 79' lang='lat' dir='ltr'>consanguinei</span> <span class='ocrx_word' id='word_1_118' title='bbox 663 2128 787 2204; x_wconf 84' lang='lat' dir='ltr'>Rutuli,</span> <span class='ocrx_word' id='word_1_119' title='bbox 805 2128 884 2211; x_wconf 91' lang='lat' dir='ltr'>quid</span> <span class='ocrx_word' id='word_1_120' title='bbox 900 2138 1011 2192; x_wconf 89' lang='lat' dir='ltr'>cetera</span> <span class='ocrx_word' id='word_1_121' title='bbox 1026 2127 1115 2191; x_wconf 89' lang='lat' dir='ltr'>dicet</span> <span class='ocrx_word' id='word_1_122' title='bbox 1338 2207 1342 2216; x_wconf 28' lang='lat'><em>¹</em></span> 
     </span>
    </p>

    <p class='ocr_par' dir='ltr' id='par_1_19' title="bbox 300 2223 1279 2306">
     <span class='ocr_line' id='line_1_21' title="bbox 300 2223 1279 2306; baseline 0.001 -13"><span class='ocrx_word' id='word_1_123' title='bbox 300 2231 405 2306; x_wconf 86' lang='lat' dir='ltr'>Italia,</span> <span class='ocrx_word' id='word_1_124' title='bbox 423 2233 465 2294; x_wconf 92' lang='lat' dir='ltr'>ad</span> <span class='ocrx_word' id='word_1_125' title='bbox 482 2242 622 2295; x_wconf 91' lang='lat' dir='ltr'>mortem</span> <span class='ocrx_word' id='word_1_126' title='bbox 640 2232 667 2295; x_wconf 93' lang='lat' dir='ltr'>si</span> <span class='ocrx_word' id='word_1_127' title='bbox 683 2242 716 2296; x_wconf 91' lang='lat' dir='ltr'>te</span> <span class='ocrx_word' id='word_1_128' title='bbox 728 2269 771 2278; x_wconf 81' lang='lat'>—</span> <span class='ocrx_word' id='word_1_129' title='bbox 783 2234 867 2297; x_wconf 90' lang='lat' dir='ltr'>Fors</span> <span class='ocrx_word' id='word_1_130' title='bbox 883 2232 971 2296; x_wconf 90' lang='lat' dir='ltr'>dicta</span> <span class='ocrx_word' id='word_1_131' title='bbox 987 2233 1111 2296; x_wconf 85' lang='lat' dir='ltr'>refutet</span> <span class='ocrx_word' id='word_1_132' title='bbox 1122 2232 1129 2294; x_wconf 88' lang='lat' dir='ltr'>l</span> <span class='ocrx_word' id='word_1_133' title='bbox 1140 2268 1186 2278; x_wconf 88' lang='lat'>—</span> <span class='ocrx_word' id='word_1_134' title='bbox 1276 2223 1279 2227; x_wconf 63' lang='grc'><strong>’</strong></span> 
     </span>
    </p>

    <p class='ocr_par' dir='ltr' id='par_1_20' title="bbox 300 2334 1192 2417">
     <span class='ocr_line' id='line_1_22' title="bbox 300 2334 1192 2417; baseline 0.002 -21"><span class='ocrx_word' id='word_1_135' title='bbox 300 2334 513 2411; x_wconf 87' lang='lat' dir='ltr'>Prodiderim,</span> <span class='ocrx_word' id='word_1_136' title='bbox 529 2346 641 2398; x_wconf 91' lang='lat' dir='ltr'>natam</span> <span class='ocrx_word' id='word_1_137' title='bbox 658 2347 691 2400; x_wconf 90' lang='lat' dir='ltr'>et</span> <span class='ocrx_word' id='word_1_138' title='bbox 708 2337 850 2400; x_wconf 90' lang='lat' dir='ltr'>conubia</span> <span class='ocrx_word' id='word_1_139' title='bbox 866 2346 980 2399; x_wconf 89' lang='lat' dir='ltr'>nostra</span> <span class='ocrx_word' id='word_1_140' title='bbox 997 2336 1192 2417; x_wconf 87' lang='lat' dir='ltr'>petentem?</span> 
     </span>
    </p>

    <p class='ocr_par' dir='ltr' id='par_1_21' title="bbox 301 2439 1103 2522">
     <span class='ocr_line' id='line_1_23' title="bbox 301 2439 1103 2522; baseline 0.002 -21"><span class='ocrx_word' id='word_1_141' title='bbox 301 2439 444 2520; x_wconf 91' lang='lat' dir='ltr'>Respice</span> <span class='ocrx_word' id='word_1_142' title='bbox 460 2460 512 2502; x_wconf 91' lang='lat' dir='ltr'>res</span> <span class='ocrx_word' id='word_1_143' title='bbox 527 2439 615 2504; x_wconf 91' lang='lat' dir='ltr'>bello</span> <span class='ocrx_word' id='word_1_144' title='bbox 630 2443 758 2517; x_wconf 91' lang='lat' dir='ltr'>varias;</span> <span class='ocrx_word' id='word_1_145' title='bbox 783 2440 946 2504; x_wconf 83' lang='lat' dir='ltr'>miserere·</span> <span class='ocrx_word' id='word_1_146' title='bbox 956 2440 1103 2522; x_wconf 89' lang='lat' dir='ltr'>parentis</span> 
     </span>
    </p>

    <p class='ocr_par' dir='ltr' id='par_1_22' title="bbox 301 2543 1261 2627">
     <span class='ocr_line' id='line_1_24' title="bbox 301 2543 1261 2627; baseline 0.003 -22"><span class='ocrx_word' id='word_1_147' title='bbox 301 2543 482 2623; x_wconf 84' lang='lat' dir='ltr'>Longaevi,</span> <span class='ocrx_word' id='word_1_148' title='bbox 500 2564 598 2625; x_wconf 91' lang='lat' dir='ltr'>quem</span> <span class='ocrx_word' id='word_1_149' title='bbox 615 2565 704 2608; x_wconf 94' lang='lat' dir='ltr'>nunc</span> <span class='ocrx_word' id='word_1_150' title='bbox 722 2554 885 2608; x_wconf 90' lang='lat' dir='ltr'>maestum</span> <span class='ocrx_word' id='word_1_151' title='bbox 903 2544 1011 2627; x_wconf 84' lang='lat' dir='ltr'>patria</span> <span class='ocrx_word' id='word_1_152' title='bbox 1028 2544 1143 2607; x_wconf 87' lang='lat' dir='ltr'>Ardea</span> <span class='ocrx_word' id='word_1_153' title='bbox 1160 2544 1261 2626; x_wconf 85' lang='lat' dir='ltr'>longe</span> 
     </span>
    </p>

    <p class='ocr_par' dir='ltr' id='par_1_23' title="bbox 300 2631 1185 2731">
     <span class='ocr_line' id='line_1_25' title="bbox 300 2631 1185 2731; baseline 0.001 -22"><span class='ocrx_word' id='word_1_154' title='bbox 300 2631 456 2709; x_wconf 88' lang='lat' dir='ltr'>Dividit.”</span> <span class='ocrx_word' id='word_1_155' title='bbox 505 2648 776 2731; x_wconf 90' lang='lat' dir='ltr'>Haudquaquam</span> <span class='ocrx_word' id='word_1_156' title='bbox 793 2649 889 2712; x_wconf 92' lang='lat' dir='ltr'>dictis</span> <span class='ocrx_word' id='word_1_157' title='bbox 905 2648 1063 2712; x_wconf 90' lang='lat' dir='ltr'>violentia</span> <span class='ocrx_word' id='word_1_158' title='bbox 1078 2648 1185 2710; x_wconf 89' lang='lat' dir='ltr'>Turni</span> 
     </span>
    </p>

    <p class='ocr_par' dir='ltr' id='par_1_24' title="bbox 302 2750 1254 2834">
     <span class='ocr_line' id='line_1_26' title="bbox 302 2750 1254 2834; baseline 0.002 -22"><span class='ocrx_word' id='word_1_159' title='bbox 302 2750 478 2826; x_wconf 89' lang='lat' dir='ltr'>Flectitur;</span> <span class='ocrx_word' id='word_1_160' title='bbox 502 2763 680 2833; x_wconf 86' lang='lat' dir='ltr'>exsuperat</span> <span class='ocrx_word' id='word_1_161' title='bbox 697 2752 814 2834; x_wconf 89' lang='lat' dir='ltr'>magis,</span> <span class='ocrx_word' id='word_1_162' title='bbox 831 2752 1061 2834; x_wconf 89' lang='lat' dir='ltr'>aegrescitque</span> <span class='ocrx_word' id='word_1_163' title='bbox 1078 2752 1254 2816; x_wconf 90' lang='lat' dir='ltr'>medendo.</span> 
     </span>
    </p>

    <p class='ocr_par' dir='ltr' id='par_1_25' title="bbox 300 2855 1011 2938">
     <span class='ocr_line' id='line_1_27' title="bbox 300 2855 1011 2938; baseline -0.001 -19"><span class='ocrx_word' id='word_1_164' title='bbox 300 2855 348 2919; x_wconf 93' lang='lat' dir='ltr'>Ut</span> <span class='ocrx_word' id='word_1_165' title='bbox 364 2855 506 2936; x_wconf 89' lang='lat' dir='ltr'>primum</span> <span class='ocrx_word' id='word_1_166' title='bbox 524 2855 587 2917; x_wconf 79' lang='lat' dir='ltr'>fari</span> <span class='ocrx_word' id='word_1_167' title='bbox 604 2858 721 2938; x_wconf 90' lang='lat' dir='ltr'>potuit,</span> <span class='ocrx_word' id='word_1_168' title='bbox 739 2858 785 2920; x_wconf 95' lang='lat' dir='ltr'>sic</span> <span class='ocrx_word' id='word_1_169' title='bbox 801 2855 920 2919; x_wconf 90' lang='lat' dir='ltr'>institit</span> <span class='ocrx_word' id='word_1_170' title='bbox 934 2876 1011 2919; x_wconf 90' lang='lat' dir='ltr'>ore:</span> 
     </span>
    </p>

    <p class='ocr_par' dir='ltr' id='par_1_26' title="bbox 301 2959 1308 3043">
     <span class='ocr_line' id='line_1_28' title="bbox 301 2959 1308 3043; baseline 0.002 -23"><span class='ocrx_word' id='word_1_171' title='bbox 301 2959 442 3041; x_wconf 83' lang='lat' dir='ltr'>“Quam</span> <span class='ocrx_word' id='word_1_172' title='bbox 465 2979 526 3042; x_wconf 92' lang='lat' dir='ltr'>pro</span> <span class='ocrx_word' id='word_1_173' title='bbox 550 2979 603 3022; x_wconf 91' lang='lat' dir='ltr'>me</span> <span class='ocrx_word' id='word_1_174' title='bbox 626 2980 740 3022; x_wconf 88' lang='lat' dir='ltr'>curam</span> <span class='ocrx_word' id='word_1_175' title='bbox 768 2961 865 3042; x_wconf 89' lang='lat' dir='ltr'>geris,</span> <span class='ocrx_word' id='word_1_176' title='bbox 898 2961 986 3023; x_wconf 88' lang='lat' dir='ltr'>hanc</span> <span class='ocrx_word' id='word_1_177' title='bbox 1020 2979 1146 3043; x_wconf 89' lang='lat' dir='ltr'>precor,</span> <span class='ocrx_word' id='word_1_178' title='bbox 1179 2961 1308 3042; x_wconf 88' lang='lat' dir='ltr'>optime,</span> 
     </span>
    </p>

    <p class='ocr_par' dir='ltr' id='par_1_27' title="bbox 387 3082 524 3143">
     <span class='ocr_line' id='line_1_29' title="bbox 387 3082 524 3143; baseline 0.022 -19"><span class='ocrx_word' id='word_1_179' title='bbox 387 3082 524 3143; x_wconf 89' lang='lat' dir='ltr'>prome</span> 
     </span>
    </p>

    <p class='ocr_par' dir='ltr' id='par_1_28' title="bbox 303 3166 1106 3250">
     <span class='ocr_line' id='line_1_30' title="bbox 303 3166 1106 3250; baseline 0.004 -23"><span class='ocrx_word' id='word_1_180' title='bbox 303 3166 472 3247; x_wconf 91' lang='lat' dir='ltr'>Deponas,</span> <span class='ocrx_word' id='word_1_181' title='bbox 490 3167 658 3250; x_wconf 90' lang='lat' dir='ltr'>letumque</span> <span class='ocrx_word' id='word_1_182' title='bbox 676 3168 765 3232; x_wconf 90' lang='lat' dir='ltr'>sinas</span> <span class='ocrx_word' id='word_1_183' title='bbox 782 3188 843 3249; x_wconf 93' lang='lat' dir='ltr'>pro</span> <span class='ocrx_word' id='word_1_184' title='bbox 859 3168 956 3232; x_wconf 89' lang='lat' dir='ltr'>laude</span> <span class='ocrx_word' id='word_1_185' title='bbox 973 3169 1106 3250; x_wconf 91' lang='lat' dir='ltr'>pacisci.</span> 
     </span>
    </p>

    <p class='ocr_par' dir='ltr' id='par_1_29' title="bbox 300 3270 1323 3354">
     <span class='ocr_line' id='line_1_31' title="bbox 300 3270 1323 3354; baseline 0.001 -21"><span class='ocrx_word' id='word_1_186' title='bbox 300 3270 343 3333; x_wconf 91' lang='lat' dir='ltr'>Et</span> <span class='ocrx_word' id='word_1_187' title='bbox 360 3290 421 3333; x_wconf 93' lang='lat' dir='ltr'>nos</span> <span class='ocrx_word' id='word_1_188' title='bbox 437 3270 512 3347; x_wconf 89' lang='lat' dir='ltr'>tela,</span> <span class='ocrx_word' id='word_1_189' title='bbox 531 3281 634 3353; x_wconf 90' lang='lat' dir='ltr'>pater,</span> <span class='ocrx_word' id='word_1_190' title='bbox 653 3272 844 3354; x_wconf 85' lang='lat' dir='ltr'>ferrumque</span> <span class='ocrx_word' id='word_1_191' title='bbox 860 3272 950 3335; x_wconf 89' lang='lat' dir='ltr'>haud</span> <span class='ocrx_word' id='word_1_192' title='bbox 966 3272 1075 3336; x_wconf 89' lang='lat' dir='ltr'>debile</span> <span class='ocrx_word' id='word_1_193' title='bbox 1091 3273 1207 3336; x_wconf 88' lang='lat' dir='ltr'>dextra</span> <span class='ocrx_word' id='word_1_194' title='bbox 1321 3303 1323 3308; x_wconf 83' lang='lat'><em>.</em></span> 
     </span>
    </p>

    <p class='ocr_par' dir='ltr' id='par_1_30' title="bbox 302 3373 1245 3458">
     <span class='ocr_line' id='line_1_32' title="bbox 302 3373 1245 3458; baseline 0.002 -22"><span class='ocrx_word' id='word_1_195' title='bbox 302 3373 517 3455; x_wconf 87' lang='lat' dir='ltr'>Spargimus;</span> <span class='ocrx_word' id='word_1_196' title='bbox 542 3384 575 3438; x_wconf 93' lang='lat' dir='ltr'>et</span> <span class='ocrx_word' id='word_1_197' title='bbox 592 3386 706 3438; x_wconf 88' lang='lat' dir='ltr'>nostro</span> <span class='ocrx_word' id='word_1_198' title='bbox 722 3376 871 3458; x_wconf 90' lang='lat' dir='ltr'>sequitur</span> <span class='ocrx_word' id='word_1_199' title='bbox 887 3376 928 3439; x_wconf 87' lang='lat' dir='ltr'>de</span> <span class='ocrx_word' id='word_1_200' title='bbox 944 3377 1082 3439; x_wconf 91' lang='lat' dir='ltr'>vulnere</span> <span class='ocrx_word' id='word_1_201' title='bbox 1098 3377 1245 3457; x_wconf 85' lang='lat' dir='ltr'>sanguis</span> 
     </span>
    </p>

    <p class='ocr_par' dir='ltr' id='par_1_31' title="bbox 303 3478 1150 3561">
     <span class='ocr_line' id='line_1_33' title="bbox 303 3478 1150 3561; baseline 0.002 -21"><span class='ocrx_word' id='word_1_202' title='bbox 303 3478 420 3558; x_wconf 89' lang='lat' dir='ltr'>Longe</span> <span class='ocrx_word' id='word_1_203' title='bbox 436 3478 483 3541; x_wconf 91' lang='lat' dir='ltr'>illi</span> <span class='ocrx_word' id='word_1_204' title='bbox 498 3478 561 3541; x_wconf 92' lang='lat' dir='ltr'>dea</span> <span class='ocrx_word' id='word_1_205' title='bbox 577 3488 684 3542; x_wconf 89' lang='lat' dir='ltr'>mater</span> <span class='ocrx_word' id='word_1_206' title='bbox 698 3479 769 3554; x_wconf 86' lang='lat' dir='ltr'>erit,</span> <span class='ocrx_word' id='word_1_207' title='bbox 787 3499 873 3561; x_wconf 89' lang='lat' dir='ltr'>quae</span> <span class='ocrx_word' id='word_1_208' title='bbox 890 3480 978 3542; x_wconf 90' lang='lat' dir='ltr'>nube</span> <span class='ocrx_word' id='word_1_209' title='bbox 994 3480 1150 3560; x_wconf 80' lang='lat' dir='ltr'>fugacem</span> 
     </span>
    </p>

    <p class='ocr_par' dir='ltr' id='par_1_32' title="bbox 303 3581 1147 3664">
     <span class='ocr_line' id='line_1_34' title="bbox 303 3581 1147 3664; baseline 0.004 -21"><span class='ocrx_word' id='word_1_210' title='bbox 303 3581 462 3644; x_wconf 88' lang='lat' dir='ltr'>Feminea</span> <span class='ocrx_word' id='word_1_211' title='bbox 477 3591 578 3664; x_wconf 86' lang='lat' dir='ltr'>tegat,</span> <span class='ocrx_word' id='word_1_212' title='bbox 596 3592 630 3646; x_wconf 90' lang='lat' dir='ltr'>et</span> <span class='ocrx_word' id='word_1_213' title='bbox 644 3583 739 3646; x_wconf 88' lang='lat' dir='ltr'>vanis</span> <span class='ocrx_word' id='word_1_214' title='bbox 755 3603 830 3646; x_wconf 89' lang='lat' dir='ltr'>sese</span> <span class='ocrx_word' id='word_1_215' title='bbox 845 3583 976 3656; x_wconf 90' lang='lat' dir='ltr'>occulat</span> <span class='ocrx_word' id='word_1_216' title='bbox 991 3583 1147 3646; x_wconf 90' lang='lat' dir='ltr'>umbris.”</span> 
     </span>
    </p>
   </div>
   <div class='ocr_carea' id='block_1_7' title="bbox 248 3685 1095 3767">
    <p class='ocr_par' dir='ltr' id='par_1_33' title="bbox 248 3685 1095 3767">
     <span class='ocr_line' id='line_1_35' title="bbox 248 3685 1095 3767; baseline 0 -17"><span class='ocrx_word' id='word_1_217' title='bbox 248 3737 253 3750; x_wconf 91' lang='lat'>.</span> <span class='ocrx_word' id='word_1_218' title='bbox 345 3685 393 3746; x_wconf 87' lang='lat' dir='ltr'>At</span> <span class='ocrx_word' id='word_1_219' title='bbox 410 3686 534 3765; x_wconf 90' lang='lat' dir='ltr'>regina,</span> <span class='ocrx_word' id='word_1_220' title='bbox 552 3705 638 3748; x_wconf 90' lang='lat' dir='ltr'>nova</span> <span class='ocrx_word' id='word_1_221' title='bbox 655 3706 788 3767; x_wconf 87' lang='lat' dir='ltr'>pugnae</span> <span class='ocrx_word' id='word_1_222' title='bbox 803 3687 981 3750; x_wconf 88' lang='lat' dir='ltr'>conterrita</span> <span class='ocrx_word' id='word_1_223' title='bbox 997 3697 1095 3763; x_wconf 89' lang='lat' dir='ltr'>sorte,</span> 
     </span>
    </p>
   </div>
   <div class='ocr_carea' id='block_1_8' title="bbox 215 3803 246 3859">
    <p class='ocr_par' dir='ltr' id='par_1_34' title="bbox 215 3803 246 3859">
     <span class='ocr_line' id='line_1_36' title="bbox 215 3803 246 3859; baseline 0 0"><span class='ocrx_word' id='word_1_224' title='bbox 215 3803 246 3859; x_wconf 87' lang='grc'>55</span> 
     </span>
    </p>
   </div>
   <div class='ocr_carea' id='block_1_9' title="bbox 302 3787 1189 3872">
    <p class='ocr_par' dir='ltr' id='par_1_35' title="bbox 302 3787 1189 3872">
     <span class='ocr_line' id='line_1_37' title="bbox 302 3787 1189 3872; baseline 0.008 -23"><span class='ocrx_word' id='word_1_225' title='bbox 302 3787 428 3863; x_wconf 89' lang='lat' dir='ltr'>Flebat,</span> <span class='ocrx_word' id='word_1_226' title='bbox 446 3797 480 3850; x_wconf 91' lang='lat' dir='ltr'>et</span> <span class='ocrx_word' id='word_1_227' title='bbox 496 3788 667 3852; x_wconf 89' lang='lat' dir='ltr'>ardentem</span> <span class='ocrx_word' id='word_1_228' title='bbox 683 3809 843 3872; x_wconf 86' lang='lat' dir='ltr'>generum</span> <span class='ocrx_word' id='word_1_229' title='bbox 861 3790 1018 3854; x_wconf 88' lang='lat' dir='ltr'>moritura</span> <span class='ocrx_word' id='word_1_230' title='bbox 1034 3790 1189 3856; x_wconf 88' lang='lat' dir='ltr'>tenebat:</span> 
     </span>
    </p>
   </div>
   <div class='ocr_carea' id='block_1_10' title="bbox 0 0 1416 4282">
    <p class='ocr_par' dir='ltr' id='par_1_36' title="bbox 0 0 1416 4282">
     <span class='ocr_line' id='line_1_38' title="bbox 0 0 1416 4282; baseline 0 0"><span class='ocrx_word' id='word_1_231' title='bbox 0 0 1416 4282; x_wconf 95' lang='lat' dir='ltr'> </span> 
     </span>
    </p>
   </div>
  </div>
 </body>
</html>
