2800 4286
203 299 265 366 254
558 289 716 343 vanarn
742 289 942 342 nauaruos

291 472 429 552 Ungere
446 469 512 532 tela
528 488 627 531 manu
645 469 838 550 ferrumque
856 487 984 530 armare
1001 488 1151 545 veneno;

291 577 334 638 Et
351 575 495 660 Clytium
514 573 689 648 Aeoliden,
707 581 739 635 et
756 572 897 634 amicum
916 573 1060 636 Crethea
1078 573 1193 649 MusiS,

203 705 248 757 775
291 679 435 744 Crethea
452 679 626 740 Musarum
642 676 806 751 comitem,
824 675 877 739 cui
893 676 1040 739 carmina
1056 697 1189 759 semper

292 789 334 850 Et
351 787 497 850 citharae
513 784 612 860 cordi,
630 803 852 864 numerosque
870 783 1042 849 intendere
1060 788 1188 863 nervis;

290 893 431 973 Semper
446 909 550 972 equos
567 898 666 970 atque
684 907 775 950 arma
792 888 898 951 virum
917 910 1116 974 pugnasque
1133 893 1273 954 canebat.

334 997 485 1059 Tandem
503 992 658 1057 ductores
675 995 787 1057 audita
804 995 906 1060 caede
923 1017 1057 1059 suorum

291 1100 503 1166 Conveniunt
518 1100 648 1174 Teucri,
669 1099 867 1162 Mnestheus
885 1121 1026 1183 acerque
1044 1101 1208 1177 Serestus,

204 1218 252 1282 780
293 1208 510 1289 Palantesque
527 1206 640 1269 vident
657 1205 764 1269 socios
781 1207 976 1289 hostemque
992 1217 1174 1290 receptum.

292 1313 334 1374 Et
363 1312 562 1374 Mnestheus
588 1310 693 1392 “Quo
717 1310 838 1374 deinde
870 1312 996 1392 fugam,
1020 1332 1086 1393 quo
1117 1313 1287 1375 tenditis?’

377 1414 492 1497 inquit,

293 1521 415 1601 “Quos
432 1519 514 1582 alios
531 1540 651 1596 muros,
669 1540 755 1602 quae
771 1519 836 1583 iarn
853 1521 939 1583 ultra
955 1521 1086 1584 moenia
1102 1521 1253 1585 habetis?

291 1626 389 1689 Unus
406 1625 514 1700 homo,
532 1634 565 1686 et
581 1624 708 1699 vestris,
727 1645 746 1687 o
763 1625 861 1699 cives,
880 1625 1025 1707 undique
1042 1635 1180 1706 saeptus

291 1728 493 1809 Aggeribus,
510 1737 622 1791 tantas
638 1738 768 1809 strages
785 1729 921 1809 impune
940 1748 998 1810 per
1015 1727 1131 1792 urbem

205 1844 250 1908 785
293 1833 465 1895 Ediderit?
488 1834 645 1896 iuvenum
663 1834 787 1914 primos
804 1841 852 1895 tot
869 1833 993 1895 miserit
1010 1832 1122 1896 Orco?

291 1937 370 1999 Non
387 1936 530 2000 infelicis
547 1936 674 2018 patriae
691 1947 907 2018 veterumque
924 1938 1062 2000 deorum

293 2042 336 2104 Et
353 2041 466 2122 magni
482 2041 631 2116 Aeneae,
650 2061 780 2123 segnes,
801 2040 1001 2123 miseretque
1019 2042 1212 2124 pudetque?
1224 2041 1239 2064 ”

334 2145 472 2208 Talibus
488 2145 621 2208 accensi
637 2146 818 2220 firmantur,
836 2154 870 2208 et
886 2143 1019 2226 agmine
1035 2145 1140 2210 denso

292 2251 495 2314 Consistunt.
543 2250 677 2312 Turnus
694 2248 854 2329 paulatim
873 2249 1032 2312 excedere
1050 2271 1168 2332 pugna

205 2378 253 2428 790
292 2355 335 2416 Et
353 2353 487 2416 fluvium
506 2363 620 2435 petere
636 2373 675 2415 ac
693 2362 830 2434 partem,
850 2350 934 2434 quae
952 2353 1095 2436 cingitur
1111 2355 1211 2417 unda.

292 2458 414 2522 Acrius
430 2458 493 2522 hoc
510 2457 632 2521 Teucri
648 2458 792 2521 clamore
809 2457 1000 2520 incumbere
1017 2479 1150 2540 magno,

293 2563 337 2625 Et
352 2564 536 2644 glomerare
552 2582 696 2625 manum.
746 2563 816 2626 Ceu
832 2581 968 2624 saevum
983 2562 1081 2626 turba
1096 2563 1227 2626 leonem

292 2668 375 2732 Cum
392 2667 467 2730 telis
484 2666 603 2749 premit
619 2667 779 2744 infensis3
805 2675 838 2730 at
855 2665 988 2730 territus
1003 2666 1066 2743 ille,

292 2772 413 2852 Asper,
430 2771 550 2834 acerba
566 2780 673 2845 tuens,
693 2781 781 2834 retro
799 2771 903 2846 redit;
930 2779 964 2833 et
979 2791 1088 2853 neque
1104 2781 1199 2853 terga

204 2898 250 2952 795
293 2878 347 2939 Ira
364 2877 442 2940 dare
458 2887 514 2940 aut
530 2878 635 2940 virtus
652 2877 784 2959 patitur,
803 2896 865 2939 nec
882 2877 1019 2940 tendere
1036 2885 1161 2950 contra,

293 2981 353 3043 Ille
370 2981 501 3063 quidem
519 2981 583 3045 hoc
599 2982 746 3062 cupiens,
765 2983 852 3062 potis
868 2990 920 3045 est
939 3001 998 3063 per
1013 2980 1080 3043 tela
1096 2979 1269 3060 virosque:

294 3086 394 3147 Haud
411 3085 506 3148 aliter
521 3096 609 3149 retro
626 3086 745 3148 dubius
763 3085 903 3166 vestigia
920 3086 1053 3148 Turnus

293 3192 522 3274 improperata
539 3193 649 3268 refert,
667 3202 701 3256 et
718 3211 813 3254 mens
829 3199 1000 3254 exaestuat
1015 3189 1073 3255 ira.

292 3296 497 3378 Quinetiam
514 3296 565 3360 bis
581 3307 651 3360 tum
669 3296 796 3360 medios
811 3295 978 3359 invaserat
995 3294 1118 3369 hostes,

204 3410 253 3459 800
294 3401 349 3463 Bis
366 3402 505 3466 confusa
523 3404 605 3485 fuga
623 3423 683 3484 per
700 3423 811 3466 muros
830 3401 964 3483 agmina
980 3399 1095 3476 vertit;

293 3505 359 3569 Sed
376 3526 494 3570 manus
511 3527 529 3570 e
545 3507 661 3570 castris
679 3526 819 3588 propere
837 3508 902 3570 coit
920 3504 1028 3569 omnis
1043 3502 1078 3566 in
1095 3522 1208 3576 unum,

294 3606 365 3668 Nec
382 3616 497 3669 contra
512 3608 599 3669 vires
617 3607 717 3668 audet
735 3606 890 3670 Saturnia
909 3606 994 3667 Iuno

293 3708 470 3796 Sufficere;
495 3711 617 3771 adriam
635 3710 726 3772 caelo
743 3729 819 3771 nam
839 3709 992 3790 Iuppiter
1009 3707 1088 3771 Irim

295 3811 445 3886 Demisit,
463 3831 641 3892 germanae
660 3813 748 3875 haud
767 3813 876 3875 mollia
893 3812 983 3875 iussa
1000 3812 1174 3884 ferentem,
1209 3887 1213 3892 .
