2800 4286
190 337 254 382 210
545 325 702 378 VERGlLl
731 327 931 379 AENEIDOS

277 505 447 569 Sterneret
464 524 586 586 aequor
603 504 707 585 aquis
724 525 815 568 remo
832 515 868 568 ut
884 507 1051 570 luctamen
1069 509 1213 572 abesset.

187 634 220 682 90
322 609 411 689 Ergo
428 609 488 670 iter
505 610 672 689 inceptum
690 610 836 671 celerant
852 630 983 674 rumore
999 613 1167 690 secund0;

277 714 417 775 Labitur
432 721 531 775 uncta
548 712 641 774 vadis
658 713 757 787 abies,
776 713 937 776 mirantur
953 725 985 778 et
1001 715 1122 793 undae,

234 811 238 820 ’
278 819 418 879 Miratur
434 837 552 880 nemus
569 816 734 898 insuetum
752 818 915 898 fulgentia
931 819 1030 900 longe

276 922 377 985 Scuta
393 921 499 983 virum
517 920 616 983 fluvio
633 921 805 1003 pictasque
821 923 937 986 innare
953 924 1093 987 carinas.

276 1025 342 1088 Olli
359 1025 498 1105 remigio
514 1033 712 1106 noctemque
730 1026 883 1108 diemque
900 1027 1053 1108 fatigant,

187 1153 217 1206 95
277 1130 319 1191 Et
337 1131 455 1209 longos
472 1138 632 1210 superant
650 1128 763 1204 flexus,
781 1131 946 1212 variisque
961 1141 1119 1213 teguntur

275 1233 470 1308 Arboribus,
487 1233 675 1318 viridesque
692 1243 807 1296 secant
823 1235 953 1316 placido
969 1256 1112 1319 aequore
1131 1239 1239 1302 silvas

275 1338 332 1402 Sol
349 1336 494 1400 medium
511 1338 594 1399 caeli
614 1339 854 1402 conscenderat
870 1339 988 1420 igneus
1004 1341 1128 1417 orbern,

276 1444 358 1507 Cum
377 1462 488 1504 muros
504 1461 681 1523 arcemque
700 1444 815 1524 procul
833 1464 871 1507 ac
888 1465 961 1506 rara
977 1445 1151 1508 domorum

275 1549 378 1610 Tecta
394 1547 518 1621 vident,
536 1565 622 1628 quae
639 1567 728 1609 nunc
750 1548 903 1610 Romana
920 1550 1066 1630 potentia
1082 1552 1178 1614 caelo

190 1678 236 1712 100
276 1651 463 1733 Aequavit;
488 1660 557 1712 tum
575 1671 627 1713 res
644 1652 761 1733 inopes
780 1653 957 1716 Euandrus
974 1653 1126 1718 habebat.

276 1759 379 1821 Ocius
395 1759 573 1820 advertunt
589 1777 715 1838 proras
733 1757 872 1839 urbique
889 1758 1123 1840 propinquant.

319 1864 418 1925 Forte
434 1863 487 1924 die
505 1863 697 1925 sollemnem
717 1861 772 1924 iilo
788 1881 844 1926 rex
860 1862 969 1924 Arcas
986 1863 1145 1925 honorem

276 1966 600 2050 Amphitryoniadae
617 1985 740 2046 magno
757 1965 907 2047 divisque
924 1966 1052 2028 ferebat

276 2072 367 2133 Ante
383 2070 498 2133 urbem
515 2070 546 2132 in
566 2071 649 2133 luco
699 2069 807 2131 Pallas
824 2069 900 2131 huic
917 2070 1002 2131 filius
1018 2091 1094 2146 una,

191 2199 234 2251 105
277 2177 355 2240 Una
372 2195 487 2237 omnes
503 2174 659 2236 iuvenum
677 2173 773 2255 primi
791 2193 983 2254 pauperque
1001 2184 1136 2238 senatus

275 2281 365 2341 Tura
382 2279 515 2353 dabant,
534 2279 734 2360 tepidusque
750 2297 847 2340 cruor
864 2273 1014 2339 fumabat
1030 2278 1071 2340 ad
1088 2299 1174 2342 aras,

276 2385 324 2448 Ut
341 2384 447 2446 celsas
462 2382 575 2445 videre
592 2392 680 2445 rates
697 2391 796 2464 atque
814 2382 899 2444 inter
916 2401 1056 2462 opacum

275 2488 400 2550 Adlabi
416 2507 534 2550 nemus
550 2495 583 2549 et
599 2486 707 2549 tacitis
724 2485 914 2549 incumbere
930 2487 1040 2561 remis,

275 2594 456 2655 Terrentur
472 2591 544 2654 visu
561 2592 679 2666 subito,
698 2591 874 2672 cunctique
891 2590 1013 2653 relictis

191 2722 237 2756 110
277 2699 491 2778 Consurgunt
508 2695 640 2758 mensis.
690 2696 811 2757 Audax
827 2714 910 2776 quos
927 2713 1080 2776 rumpere
1100 2697 1209 2759 Pallas

278 2802 380 2866 Sacra
397 2810 495 2876 vetat,
513 2811 676 2882 raptoque
694 2800 782 2861 volat
798 2800 865 2861 telo
881 2798 997 2861 obvius
1013 2800 1095 2880 ipse,

278 2907 321 2968 Et
338 2906 452 2987 procul
469 2925 487 2967 e
503 2905 630 2967 tumulo
649 2910 666 2935 “
680 2904 831 2978 Iuvenes
849 2922 934 2984 quae
954 2923 1055 2965 causa
1073 2904 1207 2986 subegit

279 3012 417 3092 Ignotas
433 3019 596 3089 temptare
613 3008 707 3070 vias?
731 3028 797 3089 quo
814 3006 950 3069 tenditis
963 3007 974 3068 ?
986 3007 1003 3031 ”
1028 3007 1142 3089 inquit.

278 3113 377 3196 “Qui
402 3109 532 3195 genus?
567 3113 655 3174 unde
683 3111 804 3174 domo?
838 3131 999 3192 pacemne
1027 3112 1091 3174 huc
1119 3112 1223 3187 fertis,
1251 3131 1289 3174 an

364 3217 506 3284 arma?’'

193 3347 237 3399 115
316 3324 402 3385 Tum
421 3331 515 3403 pater
532 3320 668 3384 Aeneas
686 3320 790 3402 puppi
809 3319 854 3382 sic
872 3320 961 3382 fatur
977 3321 1019 3382 ab
1036 3321 1112 3395 alta,

280 3427 515 3508 Paciferaeque
532 3446 634 3487 manu
651 3444 779 3487 ramum
797 3423 985 3504 praetendit
1001 3422 1128 3486 olivae:

279 3531 516 3610 “Troiugenas
533 3551 571 3592 ac
588 3531 654 3593 tela
670 3529 763 3591 vides
780 3527 912 3591 inimica
930 3527 1066 3602 Latinis,

280 3635 373 3716 Quos
389 3634 435 3696 ilii
450 3634 538 3696 bello
555 3633 716 3714 profugos
733 3652 833 3712 egere
851 3631 1002 3713 superbo.

282 3738 476 3799 Euandrum
494 3736 646 3816 petimus
697 3737 795 3798 Ferte
813 3736 905 3809 haec,
923 3744 956 3797 et
971 3735 1078 3811 dicite,
1096 3737 1199 3800 lectos

197 3863 243 3899 120
284 3839 474 3903 Dardaniae
491 3841 621 3902 venisse
637 3839 748 3914 duces
766 3841 856 3902 socia
872 3859 963 3902 arma
979 3841 1166 3920 rogantes.”
