2796 4282
197 210 257 272 106
549 213 707 266 VERGlLl
733 213 933 267 AENEIDOS

192 419 223 468 90
321 393 430 474 Quam
449 391 546 455 simul
564 412 602 455 ae
618 393 677 456 tali
694 394 858 475 persensit
875 403 970 475 peste
986 394 1096 458 teneri

280 498 366 562 Cara
385 497 473 559 lovis
490 498 643 573 coniunx,
661 517 722 560 nec
739 498 864 560 famam
882 497 1014 562 obstare
1031 499 1148 576 furori,
1251 497 1255 505 '

279 601 416 663 Talibus
433 601 626 682 aggreditur
642 602 808 664 Venerem
827 601 982 666 Saturnia
998 587 1115 666 dietis:

280 710 298 736 “
311 705 489 787 Egregiam
507 725 586 768 vero
603 706 735 768 laudem
752 715 785 768 et
802 706 907 786 spolia
924 706 1036 788 ampla
1053 707 1188 770 refertis

279 811 398 893 Tuque
415 829 563 892 puerque
580 819 675 886 tuus;
701 829 859 891 magnum
880 819 913 873 et
930 811 1147 874 memorabile
1165 832 1289 885 numen,

190 940 221 992 95
277 916 355 978 Una
372 915 448 977 dolo
465 914 577 990 divum
595 915 622 976 si
638 914 764 976 femina
779 914 867 976 victa
883 915 1022 977 duorum
1040 925 1099 978 est.

281 1019 353 1082 Nec
370 1038 422 1080 me
440 1018 522 1081 adeo
539 1018 625 1080 fallit
641 1018 778 1081 veritam
796 1029 828 1082 te
846 1019 978 1081 moenia
994 1029 1109 1082 nostra

280 1123 463 1204 Suspectas
481 1122 636 1185 habuisse
655 1123 770 1186 domos
790 1124 1008 1204 Karthaginis
1025 1124 1121 1188 altae.

280 1227 346 1290 Sed
364 1226 437 1309 quis
454 1228 516 1290 erit
533 1227 660 1302 modus,
678 1236 735 1289 aut
752 1248 817 1309 quo
830 1247 919 1290 nune
936 1228 1117 1292 certamine
1135 1229 1249 1292 tanto?

189 1373 193 1380 -
280 1331 369 1412 Quin
388 1331 498 1412 potius
516 1349 632 1412 pacem
650 1341 819 1394 aeternam
838 1342 1019 1414 pactosque
1037 1333 1242 1417 hymenaeos

193 1462 237 1497 100
281 1436 508 1498 Exercemus?
526 1435 638 1511 habes,
657 1445 726 1498 tota
742 1436 832 1517 quod
850 1445 960 1499 mente
977 1437 1108 1517 petisti:

278 1540 387 1602 Ardet
403 1560 519 1602 amans
536 1539 624 1602 Dido
640 1539 805 1622 traxitque
823 1561 883 1622 per
898 1561 974 1603 ossa
990 1541 1147 1604 furorem.

279 1645 499 1707 Communem
521 1643 609 1705 hunc
632 1663 712 1724 ergo
735 1643 896 1724 populum
917 1643 1119 1725 paribusque
1141 1665 1292 1726 regamus

279 1747 467 1828 Auspiciis;
493 1748 589 1809 liceat
607 1748 752 1831 Phrygio
770 1747 893 1810 servire
910 1750 1037 1823 marit0,

280 1851 486 1932 Dotalesque
503 1860 581 1912 tuae
597 1851 718 1934 Tyrios
735 1851 926 1932 permittere
943 1851 1109 1914 dextrae.”

192 1982 236 2032 105
323 1955 389 2018 Olli
400 1992 443 1999 —-
454 1954 558 2017 sensit
574 1956 662 2017 enim
680 1956 834 2017 simulata
850 1965 961 2018 mente
979 1957 1135 2032 locutam,

278 2061 354 2142 Quo
371 2079 511 2140 regnum
531 2059 647 2121 ltaliae
666 2059 810 2142 Libycas
827 2070 991 2122 averteret
1008 2081 1137 2123 oras—

278 2165 332 2228 Sic
350 2173 466 2226 contra
483 2173 533 2226 est
549 2164 701 2244 ingressa
717 2164 855 2226 Venus:
882 2163 997 2245 “Quis
1013 2164 1092 2226 talia
1109 2165 1249 2227 demens

278 2268 425 2343 Abnuat,
444 2277 500 2330 aut
517 2277 628 2330 tecum
646 2267 738 2329 malit
755 2268 956 2330 contendere
973 2257 1082 2330 bello?

278 2372 311 2436 Si
329 2372 436 2446 modo,
455 2371 543 2453 quod
561 2391 735 2447 memoras,
754 2372 879 2434 iactum
898 2372 1034 2434 fortuna
1051 2381 1210 2454 sequatur
1221 2393 1228 2446 ;

191 2503 235 2538 110
277 2477 344 2541 Sed
363 2475 441 2538 fatis
458 2475 584 2538 ineerta
601 2476 699 2552 feror,
718 2477 745 2538 si
764 2475 916 2557 luppiter
932 2496 1031 2538 unam

278 2582 361 2643 Esse
378 2579 457 2643 velit
473 2580 584 2663 Tyriis
601 2580 716 2642 urbem
733 2579 901 2660 Troiaque
919 2579 1086 2660 profectis,

278 2683 455 2746 Miscerive
473 2684 589 2764 probet
606 2684 757 2765 populos
776 2692 833 2746 aut
850 2683 987 2747 foedera
1003 2684 1104 2766 iungi.

276 2788 328 2849 Tu
346 2789 506 2864 coniunx;
531 2787 591 2850 tibi
607 2787 660 2850 fas
677 2787 824 2849 animum
842 2798 1006 2869 temptare
1023 2789 1200 2871 precando,

277 2893 400 2973 Perge;
426 2893 576 2974 sequar.''
623 2893 710 2953 Tum
728 2893 775 2954 sic
790 2893 921 2974 excepit
938 2892 1029 2973 regia
1046 2894 1150 2955 Iuno:

190 3022 234 3074 115
277 2997 443 3058 “Mecum
471 2997 532 3058 erit
563 2995 625 3058 iste
655 2995 758 3059 labor.
807 2996 907 3058 Nunc
939 3017 1004 3078 qua
1035 2997 1171 3071 ratione,
1205 2997 1291 3079 quod

362 3103 472 3174 instat,

275 3205 420 3268 Confieri
438 3204 551 3285 possit,
570 3203 694 3285 paucis
713 3205 858 3279 adverte,
875 3205 1010 3268 docebo.

273 3310 441 3372 Venatum
457 3309 593 3371 Aeneas
611 3328 743 3390 unaque
761 3309 944 3370 miserrima
964 3309 1051 3371 Dido

163 3481 164 3484 ,
275 3415 315 3476 In
333 3433 450 3476 nemus
466 3415 513 3476 ire
530 3423 658 3494 parant,
677 3412 732 3474 ubi
747 3413 869 3494 primos
887 3413 1050 3476 crastinus
1067 3421 1157 3476 ortus

276 3518 438 3580 Extulerit
455 3518 554 3580 Titan
572 3517 737 3600 radiisque
753 3518 909 3580 retexerit
926 3518 1050 3580 orbem.

189 3648 233 3683 120
277 3623 341 3710 His
359 3641 421 3700 ego
438 3623 626 3703 nigrantem
644 3624 820 3684 commixta
837 3623 999 3703 grandine
1017 3621 1175 3698 nimbum,

276 3725 367 3787 Dum
385 3724 552 3805 trepidant
570 3726 650 3800 alae,
669 3725 840 3808 saltusque
856 3725 1015 3806 indagine
1032 3726 1178 3807 cingunt,
