2816 4282
461 264 578 318 LIBER
603 263 834 318 UNDECIMUS

181 448 226 510 Et
239 445 444 511 circumfuso
460 442 644 506 volitabant
661 442 764 505 milite
779 442 903 506 Volsci.

180 552 274 626 Ecce,
292 551 399 631 fugae
417 547 537 623 medie,
556 547 693 610 summis
710 547 902 612 Amasenus
918 547 1094 612 abundans

179 654 364 737 Spumabat
381 653 483 735 ripis;
508 661 621 715 tantus
638 671 674 714 se
691 650 835 714 nubibus
851 651 957 715 imber
1059 671 1064 688 ·

180 761 337 842 Ruperat.
389 757 461 832 llle,
479 755 595 820 innare
613 776 745 836 parans,
763 755 901 820 infantis
918 775 1031 820 amore

93 889 138 940 55⁰
178 864 353 938 Tardatur,
373 881 519 943 caroque
536 860 628 924 oneri
645 860 747 924 timet.
797 860 920 926 Omnia
935 880 1049 926 secum

177 968 333 1033 Versanti
351 965 462 1030 subito
480 964 533 1028 vix
549 963 813 1028 haecsententia
829 965 922 1028 sedit.

178 1074 294 1136 Telum
311 1071 460 1133 immane
479 1089 579 1132 manu
597 1069 707 1132 valida
723 1069 811 1151 quod
828 1061 915 1132 forte
931 1069 1068 1150 gerebat

180 1177 331 1251 Bellator,
351 1173 493 1238 solidum
512 1172 608 1236 nodis
624 1182 658 1237 et
673 1172 790 1236 robore
806 1182 910 1247 coct0,

114 1347 118 1354 ,
179 1282 265 1345 Huic
282 1288 398 1342 natam
416 1277 500 1340 libro
517 1286 550 1340 et
569 1275 711 1340 silvestri
727 1276 845 1340 subere
862 1277 1018 1352 clausam,

95 1407 137 1460 555
180 1384 343 1466 Implicat,
360 1391 462 1464 atque
480 1380 623 1444 habilem
642 1381 772 1444 mediae
789 1379 997 1461 circumligat
1013 1382 1148 1460 hastae;

178 1489 288 1572 Quam
304 1487 423 1550 dextra
439 1484 567 1566 ingenti
586 1484 711 1548 librans
728 1485 770 1548 ad
787 1485 923 1548 aethera
940 1485 1047 1548 fatur:

178 1595 307 1669 ‘Alma,
326 1591 385 1656 tibi
402 1593 499 1666 hanc,
517 1610 690 1654 nemorum
711 1589 838 1665 oultrix,
858 1589 1000 1654 Latonia
1015 1591 1117 1672 virgo,

178 1700 254 1780 lpse
271 1705 369 1780 pater
386 1695 545 1758 famulam
563 1713 687 1758 voveo:
714 1703 772 1756 tua
788 1695 895 1775 prima
912 1715 971 1775 per
986 1715 1083 1758 auras

176 1804 258 1866 Tela
273 1810 395 1865 tenens
411 1799 552 1880 supplex
569 1799 698 1861 hostem
716 1797 811 1879 fugit.
859 1797 996 1879 Accipe,
1015 1808 1127 1872 testor,

96 1915 138 1979 560
178 1907 273 1980 Diva,
292 1915 394 1979 tuam,
413 1923 499 1985 quae
517 1922 605 1966 nunc
622 1901 731 1966 dubiis
754 1902 969 1966 committitur
985 1903 1092 1968 auris'

220 2015 237 2042 ‘⁴
250 2009 353 2084 Dixit,
370 2016 405 2071 et
421 2007 565 2070 adducto
581 2016 769 2070 contortum
788 2006 906 2070 hastile
924 2007 1047 2094 lacerto

177 2113 348 2178 Immittit:
374 2131 514 2176 sonuere
532 2111 659 2186 undae;
685 2111 839 2194 rapidum
855 2131 957 2192 super
973 2131 1103 2174 amnem

177 2218 298 2281 Infelix
313 2215 404 2298 fugit
419 2217 453 2278 in
469 2215 576 2278 iaculo
594 2215 755 2280 stridente
772 2216 921 2281 Camilla.
1030 2261 1032 2268 -

175 2325 223 2386 At
240 2320 409 2396 Metabus,
428 2339 551 2401 magna
568 2319 704 2402 propius
722 2320 787 2382 iam
804 2330 944 2401 urgente
960 2330 1103 2396 caterva,

96 2437 136 2502 5⁶5
178 2427 245 2490 Dat
262 2445 337 2490 sese
354 2424 464 2500 fluvio,
482 2433 582 2506 atque
600 2424 730 2488 hastam
747 2445 822 2488 cum
839 2424 967 2505 virgine
984 2427 1088 2489 victor

176 2530 356 2603 Gramineo
373 2529 495 2592 donum
514 2528 646 2591 Triviae
663 2529 706 2592 de
722 2530 869 2610 caespite
886 2528 983 2592 vellit.
1073 2605 1075 2610 ι

219 2635 325 2698 “Non
344 2633 435 2696 illum
452 2634 549 2698 tectis
569 2633 664 2710 ullae,
682 2655 749 2698 non
767 2634 939 2699 moenibus
956 2634 1054 2698 urbes

175 2740 360 2821 Accepere,
378 2757 487 2819 neque
503 2737 575 2819 ipse
592 2759 712 2802 manus
728 2739 861 2802 feritate
877 2738 1040 2814 dedisset;

176 2844 350 2907 Pastorum
366 2850 401 2904 et
416 2842 493 2904 solis
509 2842 620 2924 exegit
641 2843 808 2906 montibus
830 2862 957 2906 aevum.

98 2970 138 3018 570
177 2949 242 3011 Hic
259 2955 373 3010 natam
390 2945 424 3008 in
442 2946 551 3010 dumis
568 2948 720 3029 interque
737 2947 904 3010 horrentia
919 2946 1023 3010 lustra

175 3049 382 3114 Armentalis
398 3069 505 3131 equae
522 3050 675 3114 mammis
691 3060 724 3114 et
740 3051 826 3115 lacte
841 3051 948 3112 ferino

177 3154 345 3230 Nutribat,
362 3154 485 3218 teneris
503 3154 703 3236 immulgens
721 3155 822 3218 ubera
839 3153 947 3216 labris

177 3261 292 3341 thue
309 3258 432 3340 pedum
450 3257 565 3340 primis
582 3257 694 3321 infans
711 3256 851 3339 vestigia
868 3258 990 3338 plantis

178 3363 360 3437 Institerat,
379 3361 486 3426 iaculo
503 3361 631 3442 palmas
647 3362 787 3425 armavit
803 3371 910 3435 acuto,

101 3487 138 3541 575
178 3466 381 3548 Spiculaque
397 3485 436 3528 ex
452 3485 566 3530 umero
583 3486 707 3548 parvae
722 3464 897 3547 suspendit
912 3475 947 3528 et
962 3485 1084 3528 arcum.

179 3572 241 3635 Pro
257 3569 374 3634 crinali
390 3590 479 3646 auro,
498 3588 557 3650 pro
574 3570 694 3652 longae
711 3568 859 3651 tegmine
876 3569 994 3649 pallae,

178 3673 325 3757 Tigridis
341 3673 478 3736 exuviae
495 3693 555 3755 per
571 3674 705 3737 dorsum
722 3694 741 3736 a
759 3671 883 3736 vertice
903 3675 1059 3752 pendent.

179 3779 261 3843 Tela
278 3778 459 3840 manniam
476 3787 547 3840 tum
563 3786 677 3841 tenera
694 3775 834 3859 puerilia
849 3777 955 3852 torsit,
