2796 4282
214 247 272 310 128

208 563 240 613 90

216 3274 259 3326 ¹¹5

218 3791 262 3826 120

569 253 725 305 VERGILI
753 251 949 304 AENElDOS

299 432 392 496 Mille
409 432 485 496 iacit
501 434 610 495 varios
627 432 766 494 adverso
783 417 852 494 sole
868 432 1003 496 colores.

295 535 467 619 Obstipuit
483 537 555 598 visu
572 537 716 599 Aeneas,
766 537 826 599 Ille
842 537 975 618 agmine
991 536 1092 618 longo

296 641 448 704 Tandem
466 640 551 703 inter
567 650 701 722 pateras
717 650 751 703 et
767 640 851 704 levia
868 642 987 721 pocula
1004 660 1146 722 serpens

298 745 496 827 Libavitque
513 745 627 826 dapes,
645 764 825 827 rursusque
841 745 993 808 innoxius
1013 744 1080 807 imo
1139 819 1141 824 ,

298 849 464 913 Successit
481 849 617 924 tumulo,
636 859 670 912 et
686 849 826 928 depasta
842 849 958 911 altaria
974 849 1076 931 liquit.

298 954 374 1016 Hoc
390 955 496 1034 magis
512 955 663 1034 inceptos
680 953 822 1034 genitori
838 955 1000 1016 instaurat
1015 955 1170 1029 honores',

300 1059 461 1134 Incertus,
481 1058 668 1122 Geniunme
685 1057 748 1121 loci
764 1058 970 1121 famulumne
989 1059 1139 1140 parentis

299 1164 383 1226 Esse
400 1172 512 1244 putet;
538 1161 647 1225 caedit
661 1163 757 1226 binas
773 1164 815 1226 de
830 1183 922 1226 more
937 1163 1099 1240 bidentes,

199 1329 201 1333 ,
297 1269 427 1350 Totque
444 1287 528 1343 sues,
546 1267 684 1330 totidem
701 1267 871 1349 nigrantes
886 1277 981 1350 terga
996 1270 1155 1333 iuvencos

296 1372 450 1454 Vinaque
467 1372 631 1435 fundebat
648 1372 780 1452 pateris
799 1372 1008 1455 animamque
1024 1374 1168 1436 vocabat

298 1476 469 1540 Anchisae
485 1476 597 1558 magni
615 1477 802 1559 Manesque
818 1476 1010 1541 Acheronte
1026 1477 1193 1542 remissos

297 1582 369 1643 Nec
385 1600 453 1643 non
469 1590 503 1643 et
519 1582 607 1656 socii,
626 1601 711 1663 quae
728 1581 845 1663 cuique
862 1591 913 1644 est
929 1581 1034 1663 copia,
1051 1581 1131 1644 laeti

299 1686 398 1747 Dona
414 1685 537 1760 ferunt,
556 1695 696 1748 onerant
713 1705 796 1761 aras
814 1695 1028 1768 mactantque
1043 1687 1224 1762 iuvencos3

298 1788 426 1852 Ordine
442 1795 527 1852 ae'na
543 1789 654 1852 locant
670 1789 733 1865 alii,
751 1788 884 1872 fusique
901 1809 961 1870 per
978 1790 1114 1854 herbam

299 1891 473 1957 Subiciunt
489 1893 622 1956 veribus
640 1913 763 1975 prunas
780 1903 813 1956 et
828 1893 956 1958 viscera
972 1903 1107 1958 torrent.

344 2102 546 2182 Exspectata
562 2101 633 2165 dies
649 2103 764 2165 aderat
779 2123 969 2184 nonamque
986 2123 1103 2167 serena

298 2207 464 2268 Auroram
483 2206 700 2269 Phaethontis
717 2206 793 2288 equi
809 2207 875 2269 iam
890 2209 964 2270 luce
980 2208 1157 2284 vehebant,

299 2311 470 2392 Famaque
488 2310 643 2373 finitimos
655 2321 688 2373 et
704 2311 785 2373 clari
801 2332 922 2374 nomeu
939 2313 1085 2375 Acestae

299 2414 472 2488 Excierat;
497 2415 583 2476 laeto
600 2415 808 2496 complerant
823 2416 918 2478 litora
934 2426 1040 2492 coetu,

299 2518 412 2582 Visuri
430 2519 616 2595 Aeneadas,
635 2539 712 2600 pars
728 2529 761 2582 et
777 2529 902 2583 certare
919 2523 1033 2602 parati.

300 2622 443 2684 Munera
460 2622 622 2704 principio
640 2631 717 2685 ante
733 2625 847 2686 oculos
865 2624 1016 2707 circoque
1033 2625 1186 2689 locantur

300 2727 340 2789 In
357 2726 475 2802 medio,
494 2728 578 2789 sacri
594 2727 742 2808 tripodes
758 2728 946 2810 viridesque
963 2749 1106 2793 coronae

301 2832 345 2893 Et
362 2830 502 2910 palmae,
521 2832 663 2912 pretium
679 2832 869 2908 victoribus,
887 2853 1044 2915 armaque
1060 2842 1093 2897 et
1110 2843 1200 2898 ostro

301 2935 461 2998 Periusae
477 2944 597 3010 vestes
615 2936 746 3017 argenti
762 2938 898 3019 aurique
915 2938 1053 3012 talenta;

302 3039 345 3102 Et
360 3039 441 3102 tuba
457 3039 650 3103 commissos
667 3041 775 3104 medio
792 3041 880 3104 canit
896 3062 1019 3123 aggere
1036 3043 1139 3106 ludos,

345 3144 454 3206 Prima
472 3165 568 3227 pares
584 3147 701 3208 ineunt
717 3146 873 3227 gravibus
890 3146 1070 3209 certamina
1087 3145 1187 3208 remis

301 3248 468 3330 Quattuor
484 3269 524 3313 ex
541 3253 630 3313 omni
647 3251 796 3313 delectae
813 3250 918 3314 classe
934 3250 1074 3314 carinae.

300 3353 458 3416 Velocem
479 3355 677 3417 Mnestheus
693 3355 762 3436 agit
779 3356 845 3418 acri
862 3355 987 3436 remige
1005 3355 1146 3431 Pristim,

300 3455 397 3538 (Mox
416 3458 521 3520 Italus
539 3459 746 3534 Mnestheus,
764 3479 871 3540 genus
888 3480 907 3521 a
923 3479 988 3542 quo
1005 3459 1138 3523 nomine
1157 3460 1306 3544 Memmi)

303 3560 548 3642 ingentemque
565 3564 656 3646 Gyas
673 3563 800 3644 ingenti
817 3564 903 3626 mole
920 3563 1140 3639 Chimaeram,

302 3662 405 3726 Urbis
422 3683 514 3742 opus,
532 3666 652 3745 triplici
672 3667 778 3746 pubes
795 3687 892 3749 quam
914 3667 1071 3729 Dardana
1087 3687 1186 3730 versu

305 3764 497 3845 Impellunt,
515 3775 609 3829 terno
625 3780 832 3850 consurgunt
849 3770 964 3833 ordine
979 3770 1080 3846 remi;
