2816 4282
213 286 276 365 306
569 292 728 346 veneni
754 292 953 347 Aruernos

212 498 259 546 710
298 471 417 535 Tradit
432 491 554 554 equum
571 471 691 548 comiti,
710 472 911 555 paribusque
928 472 1049 536 resistit
1066 472 1099 536 in
1116 472 1226 550 armiS,

301 576 391 638 Ense
409 576 512 656 pedes
528 576 627 651 nudo,
645 595 793 657 puraque
810 576 959 639 interrita
975 597 1100 657 parma.

300 678 348 741 At
363 681 501 754 iuvenis,
519 679 636 742 vicisse
653 679 729 742 dolo
745 689 847 754 ratus,
865 680 974 742 avolat
991 680 1071 761 ipse,
1082 718 1127 726 —

303 783 403 845 Haud
422 802 523 859 mora,
534 783 817 864 *conversisque
834 783 937 865 fugax
953 784 1103 847 aufertur
1120 784 1266 861 habenis,

299 886 626 969 Quadrupedemque
642 885 743 949 citum
760 887 885 950 ferrata
901 887 991 951 calce
1007 888 1137 969 fatigat.

213 1013 258 1067 715
303 991 428 1053 “Vane
446 989 560 1071 Ligus,
579 991 767 1074 frustraque
784 990 903 1054 animis
919 992 1004 1055 elate
1021 992 1185 1073 superbis,

301 1093 512 1176 Nequiquam
531 1094 654 1175 patrias
669 1095 843 1176 temptasti
860 1095 1003 1159 lubricus
1019 1105 1117 1171 artes,

300 1199 372 1262 Nec
389 1198 481 1261 fraus
498 1207 530 1262 te
547 1197 746 1262 incolumem
763 1199 875 1262 fallaci
892 1200 1037 1281 perferet
1053 1200 1190 1263 Auno.’'

300 1303 396 1364 Haec
413 1302 504 1365 latur
520 1301 623 1384 virgo,
641 1311 674 1365 et
691 1303 881 1384 pernicibus
897 1303 996 1384 ignea
1013 1303 1137 1384 plantis

203 1430 205 1433 ·
298 1405 433 1469 Transit
450 1426 572 1488 equum
589 1426 697 1482 cursu,
716 1407 886 1488 frenisque
903 1407 1042 1470 adversa
1059 1407 1237 1488 prehensis

211 1535 258 1585 720
301 1510 525 1592 Congreditur
541 1529 734 1592 poenasque
750 1511 883 1574 inimico
899 1506 939 1574 ex
955 1511 1119 1592 sanguine
1135 1503 1254 1576 sumit:

300 1613 410 1694 Quam
428 1614 526 1677 facile
542 1613 702 1696 accipiter
717 1635 797 1677 saxo
813 1635 907 1678 sacer
923 1615 991 1678 ales
1007 1615 1048 1677 ab
1065 1616 1133 1679 alto

301 1718 524 1799 Consequitur
540 1719 659 1799 pennis
676 1718 850 1782 sublimem
867 1719 899 1781 in
917 1718 1004 1782 nube
1021 1719 1221 1795 columbam,

299 1821 607 1902 Comprensamque
623 1831 724 1898 tenet,
743 1823 948 1904 pedibusque
964 1823 1127 1887 eviscerat
1142 1826 1257 1899 uncis;

299 1925 386 1987 Tum
402 1945 499 1988 cruor
514 1934 547 1988 et
563 1927 678 1989 vulsae
696 1925 851 1989 labuntur
866 1926 908 1988 ab
925 1928 1059 1990 aethere
1076 1927 1222 2009 plumae.

212 2051 257 2104 725
345 2028 392 2091 At
409 2049 475 2092 non
493 2030 576 2092 haec
593 2029 692 2093 nullis
709 2031 987 2094 hominum-sator
1003 2040 1101 2112 atque
1118 2031 1258 2095 deorum

299 2132 493 2197 Observans
509 2133 613 2198 oculis
629 2153 759 2196 summo
776 2134 870 2196 sedet
886 2135 972 2198 altus
989 2134 1148 2218 Olympo.

298 2236 509 2320 Tyrrhenum
526 2237 657 2318 genitor
670 2238 883 2312 Tarchonem
900 2238 933 2300 in
949 2239 1075 2321 proelia
1091 2258 1193 2303 saeva

300 2340 455 2417 Suscitat,
473 2350 506 2404 et
522 2341 664 2405 stimulis
681 2342 769 2404 haud
787 2342 940 2405 mollibus
956 2342 1071 2405 incitat
1086 2344 1161 2406 iras.

300 2446 391 2527 Ergo
407 2447 493 2529 inter
508 2445 628 2508 caedes
645 2445 862 2527 cedentiaque
879 2445 1013 2528 agmina
1029 2446 1186 2511 Tarchon

212 2571 261 2624 730
302 2551 420 2612 Fertur
437 2569 532 2632 equo,
549 2549 715 2632 variisque
732 2549 867 2630 instigat
883 2549 1019 2613 vocibus
1034 2551 1113 2625 alas,

300 2655 444 2718 Nomine
461 2673 627 2736 quemque
644 2673 776 2730 vocans,
792 2653 961 2735 reficitque
977 2653 1010 2715 in
1028 2653 1154 2734 proelia
1171 2655 1294 2734 pulsos.

301 2758 415 2840 “Quis
431 2767 549 2833 metus,
567 2779 586 2820 0
603 2778 784 2840 numquam
801 2757 943 2833 dolituri,
961 2777 980 2820 ο
997 2777 1130 2839 semper
1146 2758 1270 2822 inertes

299 2862 476 2946 Tyrrheni,
493 2881 579 2944 quae
594 2872 688 2926 tanta
705 2861 823 2925 animis
839 2861 972 2942 ignavia
988 2861 1103 2925 venit?
1146 2907 1150 2912 -

301 2969 440 3030 Femina
456 2967 606 3046 palantes
623 2967 701 3047 agit,
719 2975 819 3048 atque
836 2966 919 3028 haec
936 2965 1070 3047 agmina
1085 2964 1203 3028 vertit!

214 3095 259 3148 735
301 3071 377 3153 Quo
394 3072 529 3146 ferrum,
548 3072 669 3153 quidve
687 3073 769 3134 haec
785 3069 932 3152 gerimus
949 3070 1015 3134 tela
1032 3069 1130 3132 inrita
1145 3069 1293 3132 dextris?

301 3176 349 3238 At
366 3195 431 3238 non
448 3175 482 3238 in
500 3177 663 3239 Venerem
681 3195 803 3256 segnes
820 3184 1048 3256 nocturnaque
1063 3173 1160 3248 bella,

301 3281 380 3355 Aut,
399 3278 455 3342 ubi
472 3299 571 3342 curva
587 3280 706 3342 choros
723 3278 839 3342 indixit
854 3278 935 3342 tibia
953 3277 1085 3352 Bacchi,

302 3385 506 3464 Exspectare
522 3384 626 3464 dapes
643 3392 676 3445 et
693 3382 813 3462 plenae
830 3382 950 3463 pocula
966 3399 1111 3456 mensae,
1123 3409 1166 3426 *-

303 3489 369 3550 Hic
382 3507 483 3562 amor,
495 3486 558 3548 hoc
571 3486 716 3549 studium
725 3486 852 3548 -dum
866 3477 1140 3550 sacra'secundus
1153 3485 1315 3567 haruspex

215 3615 263 3667 740
304 3591 452 3666 Nuntiet,
470 3610 508 3652 ac
525 3590 616 3652 lucos
633 3597 728 3652 vocet
745 3589 853 3653 hostia
869 3589 1003 3672 pinguis
1019 3589 1053 3652 in
1069 3587 1187 3654 altos.''

347 3694 443 3756 Haec
459 3694 581 3756 effatus
597 3713 719 3776 equum
736 3692 769 3754 in
787 3693 922 3769 medios,
941 3693 1118 3756 moriturus
1134 3703 1168 3757 et
1184 3693 1266 3776 ipse,

303 3796 465 3872 Concitat,
483 3805 516 3859 et
533 3796 663 3860 Venulo
678 3797 854 3861 adversum
871 3817 907 3860 se
924 3797 1074 3860 turbidus
1087 3797 1198 3875 infert,
