2800 4286
218 316 278 392 184
574 315 731 370 venum
759 315 957 370 nsnsmos

299 497 384 563 Cum
401 496 476 560 tulit
492 504 525 560 et
541 515 712 559 caesarum
729 496 838 559 ovium
856 495 919 558 sub
934 504 1033 558 nocte
1049 495 1163 560 silenti

302 601 447 665 Pellibus
462 599 612 664 incubuit
628 600 739 663 stratis
755 619 957 682 somnosque
975 594 1103 680 petivit,

302 706 410 768 Multa
426 705 532 767 modis
550 703 726 766 simulacra
743 703 832 766 videt
848 703 1019 766 volitantia
1036 705 1138 779 miris,

211 837 243 884 90
301 811 343 872 Et
359 809 468 872 varias
486 807 578 872 audit
592 827 702 883 voces,
721 807 907 889 fruiturque
923 808 1061 870 deorum

300 913 494 996 Conloquio,
514 922 614 994 atque
630 913 704 975 imis
721 912 916 975 Acheronta
932 912 1067 974 adfatur
1084 912 1242 976 Avernis.

302 1019 367 1081 Hic
384 1028 418 1082 et
433 1027 504 1080 tum
521 1026 616 1099 pater
633 1017 704 1098 ipse
722 1026 839 1098 petens
857 1035 1019 1097 responsa
1037 1016 1180 1080 Latinus

301 1122 444 1186 Centum
460 1121 627 1203 lanigeras
644 1121 812 1184 mactabat
830 1120 890 1184 rite
907 1121 1069 1196 bidentes

302 1227 415 1308 Atque
431 1227 549 1288 harum
567 1225 705 1288 effultus
722 1234 816 1306 tergo
833 1224 1011 1307 stratisque
1027 1224 1158 1288 iacebat

212 1350 243 1403 95
302 1329 508 1406 Velleribus;
534 1329 643 1392 subita
659 1349 699 1391 ex
716 1329 783 1392 alto
799 1350 862 1392 vox
878 1329 1007 1392 reddita
1023 1330 1099 1392 luco
1114 1339 1184 1392 est:

302 1439 320 1466 “
333 1435 385 1497 Ne
402 1443 478 1515 pete
495 1432 648 1496 conubiis
663 1443 775 1496 natam
792 1434 918 1496 sociare
936 1433 1073 1509 Latinis,

302 1539 333 1602 O
350 1558 424 1600 mea
442 1525 629 1619 progenies,
646 1537 801 1600 thalamis
817 1556 882 1599 neu
899 1537 997 1601 crede
1014 1537 1158 1618 paratis;

303 1643 440 1705 Externi
456 1641 594 1704 veniunt
610 1640 734 1722 generi,
753 1641 809 1723 qui
825 1640 987 1722 sanguine
1005 1652 1155 1704 nostrum

303 1747 435 1809 Nomen
452 1748 485 1807 in
502 1755 591 1808 astra
608 1746 726 1820 ferant,
745 1764 951 1827 quorumque
968 1744 1010 1806 ab
1027 1744 1133 1827 stirpe
1149 1754 1287 1826 nepotes

215 1878 260 1912 100
302 1850 425 1914 Omnia
442 1848 503 1912 sub
522 1848 670 1930 pedibus,
689 1869 754 1930 qua
772 1848 829 1912 Sol
846 1858 1023 1931 utrumque
1041 1868 1214 1912 recurrens

302 1954 434 2036 Aspicit
451 1953 635 2028 Oceanum,
653 1955 803 2035 vertique
820 1954 957 2035 regique
972 1953 1167 2016 videbunt.”

302 2059 397 2121 Haec
413 2077 574 2139 responsa
592 2058 695 2138 patris
715 2057 821 2119 Fauni
838 2057 1048 2138 monitusque
1064 2057 1175 2120 silenti

303 2162 410 2225 Nocte
426 2161 521 2224 datos
538 2181 603 2224 non
621 2163 692 2242 ipse
709 2181 768 2224 suo
786 2161 905 2241 premit
921 2181 977 2224 ore
997 2160 1147 2237 Latinus

301 2265 367 2329 Sed
385 2265 507 2328 circum
526 2266 590 2328 late
606 2265 749 2328 volitans
766 2267 830 2326 iam
849 2265 954 2327 Fama
971 2285 1032 2347 per
1048 2265 1148 2328 urbes

215 2389 259 2442 105
301 2371 470 2433 Ausonias
487 2369 615 2444 tulerat,
634 2388 708 2432 cum
729 2355 969 2432 Laomedontia
986 2369 1092 2449 pubes

301 2475 481 2538 Gramineo
498 2474 589 2554 ripae
607 2473 757 2554 religavit
774 2473 815 2536 ab
832 2493 956 2554 aggere
973 2473 1124 2536 classem.

345 2580 480 2641 Aeneas
499 2577 661 2659 primique
678 2577 779 2639 duces
796 2587 829 2640 et
846 2578 985 2658 pulcher
1002 2577 1095 2639 Iulus

256 2757 258 2763 s
302 2684 451 2764 Corpora
468 2681 528 2744 suh
546 2681 645 2744 ramis
662 2681 834 2762 deponunt
850 2681 976 2744 arboris
993 2681 1089 2757 altae,

303 2787 553 2868 Instituuntque
569 2785 683 2865 dapes,
701 2794 734 2847 et
751 2785 872 2849 adorea
889 2785 954 2848 liba
972 2805 1031 2866 per
1047 2785 1183 2848 herbam

215 2919 260 2954 110
302 2889 477 2955 Subiciunt
493 2889 609 2970 epulis,
621 2926 663 2934 -
675 2889 721 2951 sic
740 2889 891 2970 Iuppiter
907 2889 979 2971 ipse
996 2888 1151 2952 monebat
1163 2925 1204 2935 -

303 2996 345 3058 Et
362 2993 501 3057 Cereale
515 2993 620 3056 solum
639 2992 745 3074 pomis
762 2993 949 3074 agrestibus
966 3003 1099 3075 augent.
1164 3031 1171 3044 ·

301 3097 516 3179 Consumptis
534 3095 586 3159 hic
603 3097 689 3159 forte
706 3096 786 3172 aliis,
804 3107 839 3160 ut
854 3108 982 3160 vertere
999 3117 1127 3160 morsus

302 3201 467 3283 Exiguam
484 3201 517 3263 in
534 3199 689 3264 Cererem
707 3202 845 3281 penuria
861 3201 973 3282 adegit
989 3200 1109 3264 edendi

303 3307 345 3368 Et
361 3306 485 3369 violare
502 3325 602 3366 manu
619 3304 781 3387 malisque
798 3305 980 3368 audacibus
997 3305 1110 3368 orbem

216 3430 260 3484 115
303 3409 430 3473 Fatalis
448 3408 549 3472 crusti
566 3407 688 3490 patulis
705 3429 766 3471 nec
785 3428 921 3489 parcere
938 3408 1090 3491 quadris:

301 3520 319 3547 “
332 3515 439 3588 Heus,
457 3512 557 3576 etiam
574 3532 707 3576 mensas
724 3513 967 3576 consumimus!
981 3513 999 3538 ’'
1024 3513 1131 3595 inquit
1152 3513 1253 3588 Iulus,

302 3619 375 3680 Nec
393 3617 488 3698 plura
504 3608 674 3701 adlu'dens.
725 3617 774 3678 Ea
790 3637 853 3679 vox
870 3617 983 3679 audita
1000 3616 1148 3679 laborum

303 3719 413 3780 Prima
429 3718 504 3778 tulit
521 3719 629 3793 finem,
648 3718 855 3801 primamque
872 3720 1041 3802 loquentis·
1053 3720 1095 3782 ab
1111 3740 1167 3782 ore

216 3878 222 3890 ,
306 3819 436 3899 Eripuit
454 3827 557 3897 pater,
575 3839 613 3882 ac
630 3821 839 3900 stupefactus
855 3823 991 3885 numine
1007 3824 1136 3905 pressit.
