2800 4286
464 288 466 292 ⁴
515 284 632 338 trena
659 285 839 340 ocrxvus
1164 300 1228 365 219

203 465 289 546 Ergo
306 465 429 528 eadem
447 465 591 547 supplex
607 465 713 542 venio,
732 476 766 529 et
780 465 949 550 (sanctum
967 468 1047 531 mihi
1063 470 1205 551 numen)

202 571 305 632 Arma
321 590 418 651 roge,
436 569 589 650 genetrix
605 579 692 632 nato
741 572 791 633 Te
808 571 874 633 filia
895 572 1004 648 Nerei,

203 676 248 736 Te
265 675 375 756 potuit
392 673 538 736 lacrimis
555 674 712 737 Tithonia
729 674 862 738 flectere
880 677 1032 739 conIunx.

123 789 168 854 385
204 778 338 859 Aspice,
357 778 415 861 qui
431 787 553 840 coeant
569 778 693 860 popuII,
712 800 797 860 quae
815 780 945 842 moenia
961 781 1082 844 clausis

205 885 343 946 Ferrum
361 892 485 944 acuant
503 882 608 964 portis
624 882 658 945 in
675 903 729 946 me
746 883 975 966 excidiumque
992 887 1172 949 meorum.”

247 987 398 1062 Dixerat,
416 996 450 1049 et
466 987 572 1049 niveis
589 988 665 1050 hinc
682 997 781 1069 atque
798 989 876 1052 hinc
892 990 968 1052 diva
984 990 1115 1054 lacertis

205 1093 428 1155 Cunctantem
445 1092 601 1171 amplexu
618 1091 708 1154 molli
725 1093 825 1155 fovet.
874 1094 935 1155 Ille
955 1104 1092 1174 repente

205 1196 348 1276 Accepit
365 1196 496 1257 solitam
513 1194 691 1270 flammam,
710 1206 875 1278 notusque
892 1197 1054 1260 medullas

128 1324 171 1373 390
208 1301 348 1362 Intravit
365 1300 463 1375 calor,
482 1309 516 1362 et
533 1299 698 1362 labefacta
716 1321 775 1381 per
791 1321 867 1363 ossa
883 1303 1046 1364 cucurrit:

208 1405 283 1466 Non
302 1424 399 1466 secus
415 1413 517 1486 atque
533 1405 620 1479 olim,
639 1406 763 1467 tonitru
779 1425 854 1467 cum
872 1413 969 1486 rupta
986 1425 1123 1470 corusco

208 1509 314 1589 Ignea
330 1509 413 1569 rIma
430 1508 556 1570 micans
574 1508 735 1590 percurrit
752 1509 876 1571 lumine
893 1509 1032 1572 nimbos.

207 1613 319 1676 Sensit
335 1612 422 1675 laeta
439 1612 524 1674 dolis
540 1621 572 1674 et
589 1613 716 1674 formae
733 1612 866 1675 conscia
883 1615 1034 1676 coniunx.

207 1718 292 1778 Tum
312 1725 406 1797 pater
422 1725 559 1779 aeterno
577 1716 665 1778 fatur
682 1717 857 1780 devinctus
874 1737 1004 1780 amore:

129 1844 169 1897 395
209 1820 330 1903 “Quid
347 1841 465 1884 causas
482 1820 568 1900 petis
585 1841 625 1882 ex
642 1820 731 1883 alto?
756 1821 876 1884 fiducIa
892 1821 991 1884 cessit

208 1926 285 2007 Quo
301 1925 369 1999 tibi,
387 1925 473 1999 dua,
488 1924 574 1987 meI?
622 1925 744 1988 Similis
762 1926 789 1988 si
805 1946 884 1988 cura
900 1925 1029 2001 fulsset,

207 2031 295 2091 Tum
312 2049 444 2111 quoque
462 2029 514 2090 fas
531 2028 626 2091 nobis
649 2030 796 2092 Teucros
814 2049 941 2091 armare
958 2029 1096 2108 fuisset3

210 2135 283 2196 Nec
301 2135 399 2195 Pater
415 2134 628 2214 omnipotens
646 2132 779 2195 Troiam
798 2153 860 2195 nec
877 2133 1121 2198 fata.vetabant

209 2239 306 2301 Stare
322 2238 506 2319 decemque
522 2237 603 2299 alios
622 2237 787 2299 Priamum
805 2257 980 2318 superesse
998 2258 1058 2319 per
1073 2257 1188 2301 annos,

125 2367 171 2415 400
211 2344 255 2404 Et
271 2362 369 2416 nunc,
387 2343 414 2404 si
430 2341 554 2404 bellare
571 2362 669 2422 paras
687 2351 787 2423 atque
802 2342 885 2404 haec
902 2341 962 2404 tibi
977 2361 1072 2404 mens
1088 2352 1147 2416 est,

210 2446 382 2527 Quidquid
398 2447 432 2507 in
449 2454 520 2507 arte
536 2465 610 2508 mea
627 2465 763 2526 possum
780 2445 972 2528 promittere
988 2465 1096 2521 curae,
1180 2509 1181 2512 ,

210 2550 310 2633 Quod
326 2550 397 2612 fieri
413 2550 502 2611 ferro
522 2548 686 2631 liquidove
708 2559 818 2630 potest
834 2550 966 2626 electro,

211 2655 385 2736 Quantum
401 2653 497 2734 ignes
515 2653 711 2735 animaeque
727 2653 848 2744 valent,
866 2653 990 2716 absiste
1007 2654 1175 2735 precando

210 2758 345 2822 Viribus
362 2757 549 2820 indubitare
565 2757 661 2820 tuis’'
711 2759 761 2820 Ea
777 2758 879 2820 verba
896 2757 1026 2821 locutus

123 2887 170 2940 405
212 2863 357 2944 Optatos
374 2862 465 2924 dedit
482 2862 663 2942 amplexus,
683 2862 916 2944 placidumque
933 2861 1049 2942 petivit

212 2966 373 3047 Coniugis
390 2947 521 3028 inlusus
537 2967 664 3048 gremio
681 2986 742 3048 per
758 2966 906 3028 membra
924 2985 1086 3046 soporem.

259 3071 341 3134 Inde
359 3071 415 3133 ubi
431 3070 537 3153 prima
553 3071 647 3152 quies
664 3070 772 3133 medio
787 3071 852 3132 iam
872 3069 989 3132 Noctis
1006 3069 1144 3132 abactae

214 3175 385 3240 Curriculo
402 3176 573 3256 expulerat
590 3195 752 3250 somnum,
771 3195 846 3237 cum
865 3173 991 3236 femina
1007 3172 1161 3264 primum,

215 3281 276 3344 Cui
292 3280 434 3342 tolerare
451 3280 523 3342 colo
538 3281 640 3342 vitam
657 3279 816 3361 tenuique
835 3279 988 3341 Minerva

126 3409 175 3458 410
218 3385 425 3466 Impositum,
444 3385 588 3447 cinerem
605 3393 638 3446 et
655 3383 780 3465 sopitos
798 3382 934 3445 suscitat
951 3381 1056 3462 ignes,

217 3490 359 3552 Noctem
377 3488 504 3550 addens
521 3488 621 3570 operi,
639 3488 849 3569 famulasque
866 3487 909 3549 ad
925 3487 1050 3548 lumina
1067 3487 1168 3567 longo

218 3594 359 3657 Exercet
377 3613 490 3674 penso,
508 3601 634 3655 castum
652 3602 688 3655 ut
705 3611 837 3654 servare
854 3591 961 3653 cubile

216 3696 377 3779 Coniugis
394 3707 426 3759 et
444 3697 548 3778 possit
564 3716 684 3777 parvos
700 3696 841 3758 educere
856 3705 971 3758 natos:

217 3803 319 3870 Haud
338 3821 435 3866 secus
455 3801 653 3882 Ignipotens
670 3821 731 3863 nec
749 3809 899 3879 tempore
917 3799 1051 3880 segnior
1066 3799 1122 3860 illo
