<?xml version="1.0" encoding="UTF-8"?>
<!DOCTYPE html PUBLIC "-//W3C//DTD XHTML 1.0 Transitional//EN"
    "http://www.w3.org/TR/xhtml1/DTD/xhtml1-transitional.dtd">
<html xmlns="http://www.w3.org/1999/xhtml" xml:lang="en" lang="en">
 <head>
  <title>
</title>
<meta http-equiv="Content-Type" content="text/html;charset=utf-8" />
  <meta name='ocr-system' content='tesseract 3.04.00' />
  <meta name='ocr-capabilities' content='ocr_page ocr_carea ocr_par ocr_line ocrx_word'/>
</head>
<body>
  <div class='ocr_page' id='page_1' title='image "./virgilsaeneidbo00denngoog_0343.png"; bbox 0 0 2816 4282; ppageno 0'>
   <div class='ocr_carea' id='block_1_1' title="bbox 199 298 939 370">
    <p class='ocr_par' dir='ltr' id='par_1_1' title="bbox 199 298 939 370">
     <span class='ocr_line' id='line_1_1' title="bbox 199 298 939 370; baseline -0.003 -16"><span class='ocrx_word' id='word_1_1' title='bbox 199 306 262 370; x_wconf 84' lang='lat'>324</span> <span class='ocrx_word' id='word_1_2' title='bbox 553 298 713 352; x_wconf 77' lang='lat' dir='ltr'>vanem</span> <span class='ocrx_word' id='word_1_3' title='bbox 739 298 939 353; x_wconf 71' lang='lat' dir='ltr'>saumuos</span> 
     </span>
    </p>
   </div>
   <div class='ocr_carea' id='block_1_2' title="bbox 75 473 1281 3889">
    <p class='ocr_par' dir='ltr' id='par_1_2' title="bbox 285 473 1237 558">
     <span class='ocr_line' id='line_1_2' title="bbox 285 473 1237 558; baseline -0.001 -20"><span class='ocrx_word' id='word_1_4' title='bbox 285 475 352 558; x_wconf 90' lang='lat' dir='ltr'>Qui</span> <span class='ocrx_word' id='word_1_5' title='bbox 368 477 547 558; x_wconf 87' lang='lat' dir='ltr'>quondam,</span> <span class='ocrx_word' id='word_1_6' title='bbox 565 485 672 540; x_wconf 91' lang='lat' dir='ltr'>castra</span> <span class='ocrx_word' id='word_1_7' title='bbox 689 486 724 540; x_wconf 92' lang='lat' dir='ltr'>ut</span> <span class='ocrx_word' id='word_1_8' title='bbox 743 479 899 540; x_wconf 89' lang='lat' dir='ltr'>Danaum</span> <span class='ocrx_word' id='word_1_9' title='bbox 918 477 1109 558; x_wconf 85' lang='lat' dir='ltr'>speculator</span> <span class='ocrx_word' id='word_1_10' title='bbox 1125 473 1237 550; x_wconf 87' lang='lat' dir='ltr'>adiret,</span> 
     </span>
    </p>

    <p class='ocr_par' dir='ltr' id='par_1_3' title="bbox 197 580 1098 663">
     <span class='ocr_line' id='line_1_3' title="bbox 197 580 1098 663; baseline 0.002 -23"><span class='ocrx_word' id='word_1_11' title='bbox 197 602 246 655; x_wconf 82' lang='lat'>350</span> <span class='ocrx_word' id='word_1_12' title='bbox 285 581 400 642; x_wconf 89' lang='lat' dir='ltr'>Ausus</span> <span class='ocrx_word' id='word_1_13' title='bbox 419 580 551 644; x_wconf 86' lang='lat' dir='ltr'>Pelidae</span> <span class='ocrx_word' id='word_1_14' title='bbox 569 583 710 662; x_wconf 90' lang='lat' dir='ltr'>pretium</span> <span class='ocrx_word' id='word_1_15' title='bbox 728 581 789 644; x_wconf 92' lang='lat' dir='ltr'>sibi</span> <span class='ocrx_word' id='word_1_16' title='bbox 806 601 944 663; x_wconf 89' lang='lat' dir='ltr'>poscere</span> <span class='ocrx_word' id='word_1_17' title='bbox 961 601 1098 657; x_wconf 89' lang='lat' dir='ltr'>currus;</span> 
     </span>
    </p>

    <p class='ocr_par' dir='ltr' id='par_1_4' title="bbox 284 684 1081 871">
     <span class='ocr_line' id='line_1_4' title="bbox 286 684 952 769; baseline 0.003 -23"><span class='ocrx_word' id='word_1_18' title='bbox 286 684 384 746; x_wconf 92' lang='lat' dir='ltr'>Illum</span> <span class='ocrx_word' id='word_1_19' title='bbox 401 685 549 769; x_wconf 85' lang='lat' dir='ltr'>Tydides</span> <span class='ocrx_word' id='word_1_20' title='bbox 567 685 631 748; x_wconf 92' lang='lat' dir='ltr'>alio</span> <span class='ocrx_word' id='word_1_21' title='bbox 648 704 708 767; x_wconf 93' lang='lat' dir='ltr'>pro</span> <span class='ocrx_word' id='word_1_22' title='bbox 725 685 846 748; x_wconf 91' lang='lat' dir='ltr'>talibus</span> <span class='ocrx_word' id='word_1_23' title='bbox 862 687 952 748; x_wconf 88' lang='lat' dir='ltr'>ausis</span> 
     </span>
     <span class='ocr_line' id='line_1_5' title="bbox 284 787 1081 871; baseline 0.001 -20"><span class='ocrx_word' id='word_1_24' title='bbox 284 788 423 852; x_wconf 82' lang='lat' dir='ltr'>Adfecit</span> <span class='ocrx_word' id='word_1_25' title='bbox 438 790 554 871; x_wconf 91' lang='lat' dir='ltr'>pretio,</span> <span class='ocrx_word' id='word_1_26' title='bbox 573 809 633 851; x_wconf 90' lang='lat' dir='ltr'>nec</span> <span class='ocrx_word' id='word_1_27' title='bbox 650 788 745 871; x_wconf 89' lang='lat' dir='ltr'>equis</span> <span class='ocrx_word' id='word_1_28' title='bbox 761 788 910 871; x_wconf 83' lang='lat' dir='ltr'>adspirat</span> <span class='ocrx_word' id='word_1_29' title='bbox 927 787 1081 852; x_wconf 86' lang='lat' dir='ltr'>Achillis.</span> 
     </span>
    </p>

    <p class='ocr_par' dir='ltr' id='par_1_5' title="bbox 283 887 1232 1078">
     <span class='ocr_line' id='line_1_6' title="bbox 328 887 1232 975; baseline 0 -20"><span class='ocrx_word' id='word_1_30' title='bbox 328 893 430 955; x_wconf 92' lang='lat' dir='ltr'>Hunc</span> <span class='ocrx_word' id='word_1_31' title='bbox 447 893 562 972; x_wconf 91' lang='lat' dir='ltr'>procul</span> <span class='ocrx_word' id='word_1_32' title='bbox 578 901 614 955; x_wconf 92' lang='lat' dir='ltr'>ut</span> <span class='ocrx_word' id='word_1_33' title='bbox 630 912 749 974; x_wconf 91' lang='lat' dir='ltr'>campo</span> <span class='ocrx_word' id='word_1_34' title='bbox 766 893 901 957; x_wconf 91' lang='lat' dir='ltr'>Turnus</span> <span class='ocrx_word' id='word_1_35' title='bbox 919 887 1089 975; x_wconf 81' lang='lat' dir='ltr'>prospexit</span> <span class='ocrx_word' id='word_1_36' title='bbox 1105 903 1232 974; x_wconf 88' lang='lat' dir='ltr'>aperto,</span> 
     </span>
     <span class='ocr_line' id='line_1_7' title="bbox 283 996 1082 1078; baseline 0 -18"><span class='ocrx_word' id='word_1_37' title='bbox 283 997 374 1060; x_wconf 86' lang='lat' dir='ltr'><strong>Ante</strong></span> <span class='ocrx_word' id='word_1_38' title='bbox 391 997 454 1060; x_wconf 92' lang='lat' dir='ltr'>levi</span> <span class='ocrx_word' id='word_1_39' title='bbox 470 996 576 1059; x_wconf 90' lang='lat' dir='ltr'>iaculo</span> <span class='ocrx_word' id='word_1_40' title='bbox 594 997 729 1078; x_wconf 91' lang='lat' dir='ltr'>longum</span> <span class='ocrx_word' id='word_1_41' title='bbox 747 1017 806 1078; x_wconf 90' lang='lat' dir='ltr'>per</span> <span class='ocrx_word' id='word_1_42' title='bbox 822 997 921 1062; x_wconf 90' lang='lat' dir='ltr'>inane</span> <span class='ocrx_word' id='word_1_43' title='bbox 938 1008 1082 1073; x_wconf 76' lang='lat' dir='ltr'>secutuS,</span> 
     </span>
    </p>

    <p class='ocr_par' dir='ltr' id='par_1_6' title="bbox 195 1101 1254 1600">
     <span class='ocr_line' id='line_1_8' title="bbox 195 1101 1056 1184; baseline -0.002 -18"><span class='ocrx_word' id='word_1_44' title='bbox 195 1121 241 1176; x_wconf 79' lang='lat'>355</span> <span class='ocrx_word' id='word_1_45' title='bbox 284 1101 376 1166; x_wconf 83' lang='lat' dir='ltr'>Sistit</span> <span class='ocrx_word' id='word_1_46' title='bbox 392 1121 496 1182; x_wconf 91' lang='lat' dir='ltr'>equos</span> <span class='ocrx_word' id='word_1_47' title='bbox 512 1101 641 1182; x_wconf 90' lang='lat' dir='ltr'>biiuges</span> <span class='ocrx_word' id='word_1_48' title='bbox 658 1111 692 1164; x_wconf 91' lang='lat' dir='ltr'>et</span> <span class='ocrx_word' id='word_1_49' title='bbox 706 1121 804 1164; x_wconf 90' lang='lat' dir='ltr'>curru</span> <span class='ocrx_word' id='word_1_50' title='bbox 820 1102 939 1176; x_wconf 84' lang='lat' dir='ltr'>desilit,</span> <span class='ocrx_word' id='word_1_51' title='bbox 956 1111 1056 1184; x_wconf 89' lang='lat' dir='ltr'>atque</span> 
     </span>
     <span class='ocr_line' id='line_1_9' title="bbox 283 1204 1126 1288; baseline 0.001 -19"><span class='ocrx_word' id='word_1_52' title='bbox 283 1204 476 1269; x_wconf 90' lang='lat' dir='ltr'>Semianimi</span> <span class='ocrx_word' id='word_1_53' title='bbox 493 1204 652 1288; x_wconf 90' lang='lat' dir='ltr'>lapsoque</span> <span class='ocrx_word' id='word_1_54' title='bbox 669 1205 870 1287; x_wconf 89' lang='lat' dir='ltr'>supervenit,</span> <span class='ocrx_word' id='word_1_55' title='bbox 888 1215 921 1270; x_wconf 90' lang='lat' dir='ltr'>et</span> <span class='ocrx_word' id='word_1_56' title='bbox 938 1206 1023 1287; x_wconf 89' lang='lat' dir='ltr'>pede</span> <span class='ocrx_word' id='word_1_57' title='bbox 1040 1207 1126 1270; x_wconf 93' lang='lat' dir='ltr'>collo</span> 
     </span>
     <span class='ocr_line' id='line_1_10' title="bbox 283 1309 1149 1393; baseline 0.002 -22"><span class='ocrx_word' id='word_1_58' title='bbox 283 1310 462 1390; x_wconf 84' lang='lat' dir='ltr'>impresso,</span> <span class='ocrx_word' id='word_1_59' title='bbox 480 1309 614 1371; x_wconf 84' lang='lat' dir='ltr'>dextrae</span> <span class='ocrx_word' id='word_1_60' title='bbox 632 1330 823 1372; x_wconf 91' lang='lat' dir='ltr'>mucronem</span> <span class='ocrx_word' id='word_1_61' title='bbox 841 1319 1015 1393; x_wconf 88' lang='lat' dir='ltr'>extorquet</span> <span class='ocrx_word' id='word_1_62' title='bbox 1030 1320 1064 1373; x_wconf 91' lang='lat' dir='ltr'>et</span> <span class='ocrx_word' id='word_1_63' title='bbox 1080 1309 1149 1373; x_wconf 91' lang='lat' dir='ltr'>alto</span> 
     </span>
     <span class='ocr_line' id='line_1_11' title="bbox 283 1413 1254 1502; baseline -0.001 -26"><span class='ocrx_word' id='word_1_64' title='bbox 283 1414 482 1502; x_wconf 88' lang='lat' dir='ltr'>Fulgentem</span> <span class='ocrx_word' id='word_1_65' title='bbox 498 1413 620 1494; x_wconf 90' lang='lat' dir='ltr'>tinguit</span> <span class='ocrx_word' id='word_1_66' title='bbox 636 1414 759 1495; x_wconf 90' lang='lat' dir='ltr'>iugulo,</span> <span class='ocrx_word' id='word_1_67' title='bbox 778 1425 877 1496; x_wconf 91' lang='lat' dir='ltr'>atque</span> <span class='ocrx_word' id='word_1_68' title='bbox 894 1415 976 1478; x_wconf 90' lang='lat' dir='ltr'>haec</span> <span class='ocrx_word' id='word_1_69' title='bbox 992 1416 1130 1495; x_wconf 88' lang='lat' dir='ltr'>insuper</span> <span class='ocrx_word' id='word_1_70' title='bbox 1147 1413 1254 1476; x_wconf 80' lang='lat' dir='ltr'>addit:</span> 
     </span>
     <span class='ocr_line' id='line_1_12' title="bbox 282 1518 1105 1600; baseline -0.002 -19"><span class='ocrx_word' id='word_1_71' title='bbox 282 1523 300 1549; x_wconf 88' lang='lat'><strong>“</strong></span> <span class='ocrx_word' id='word_1_72' title='bbox 313 1518 375 1593; x_wconf 89' lang='lat' dir='ltr'>En,</span> <span class='ocrx_word' id='word_1_73' title='bbox 393 1537 501 1598; x_wconf 88' lang='lat' dir='ltr'>agros,</span> <span class='ocrx_word' id='word_1_74' title='bbox 520 1526 562 1592; x_wconf 88' lang='lat' dir='ltr'>et,</span> <span class='ocrx_word' id='word_1_75' title='bbox 580 1537 680 1599; x_wconf 89' lang='lat' dir='ltr'>quam</span> <span class='ocrx_word' id='word_1_76' title='bbox 696 1518 794 1592; x_wconf 89' lang='lat' dir='ltr'>bello,</span> <span class='ocrx_word' id='word_1_77' title='bbox 812 1518 965 1593; x_wconf 88' lang='lat' dir='ltr'>Troiane,</span> <span class='ocrx_word' id='word_1_78' title='bbox 985 1518 1105 1600; x_wconf 89' lang='lat' dir='ltr'>petisti,</span> 
     </span>
    </p>

    <p class='ocr_par' dir='ltr' id='par_1_7' title="bbox 89 1621 1230 1807">
     <span class='ocr_line' id='line_1_13' title="bbox 89 1621 1194 1704; baseline 0.002 -23"><span class='ocrx_word' id='word_1_79' title='bbox 89 1693 91 1698; x_wconf 67' lang='lat'>,</span> <span class='ocrx_word' id='word_1_80' title='bbox 194 1632 243 1695; x_wconf 82' lang='lat'>360</span> <span class='ocrx_word' id='word_1_81' title='bbox 284 1622 485 1703; x_wconf 89' lang='lat' dir='ltr'>Hesperiam</span> <span class='ocrx_word' id='word_1_82' title='bbox 503 1621 618 1684; x_wconf 88' lang='lat' dir='ltr'>metire</span> <span class='ocrx_word' id='word_1_83' title='bbox 634 1621 767 1685; x_wconf 90' lang='lat' dir='ltr'>iacens:</span> <span class='ocrx_word' id='word_1_84' title='bbox 792 1623 874 1686; x_wconf 90' lang='lat' dir='ltr'>haec</span> <span class='ocrx_word' id='word_1_85' title='bbox 892 1623 1048 1704; x_wconf 88' lang='lat' dir='ltr'>praemia,</span> <span class='ocrx_word' id='word_1_86' title='bbox 1067 1621 1123 1703; x_wconf 92' lang='lat' dir='ltr'>qui</span> <span class='ocrx_word' id='word_1_87' title='bbox 1141 1641 1194 1684; x_wconf 91' lang='lat' dir='ltr'>me</span> 
     </span>
     <span class='ocr_line' id='line_1_14' title="bbox 283 1713 1230 1807; baseline -0.001 -20"><span class='ocrx_word' id='word_1_88' title='bbox 283 1727 384 1788; x_wconf 86' lang='lat' dir='ltr'>Ferro</span> <span class='ocrx_word' id='word_1_89' title='bbox 401 1727 472 1788; x_wconf 90' lang='lat' dir='ltr'>ausi</span> <span class='ocrx_word' id='word_1_90' title='bbox 488 1734 664 1807; x_wconf 91' lang='lat' dir='ltr'>temptare,</span> <span class='ocrx_word' id='word_1_91' title='bbox 683 1713 814 1802; x_wconf 61' lang='lat' dir='ltr'>lerunt}</span> <span class='ocrx_word' id='word_1_92' title='bbox 841 1728 887 1789; x_wconf 91' lang='lat' dir='ltr'>sic</span> <span class='ocrx_word' id='word_1_93' title='bbox 905 1724 1035 1789; x_wconf 89' lang='lat' dir='ltr'>moenia</span> <span class='ocrx_word' id='word_1_94' title='bbox 1052 1725 1230 1788; x_wconf 88' lang='lat' dir='ltr'>condunt.’&#39;</span> 
     </span>
    </p>

    <p class='ocr_par' dir='ltr' id='par_1_8' title="bbox 282 1829 1281 2122">
     <span class='ocr_line' id='line_1_15' title="bbox 328 1829 1208 1914; baseline -0.002 -22"><span class='ocrx_word' id='word_1_95' title='bbox 328 1829 415 1892; x_wconf 90' lang='lat' dir='ltr'>Huic</span> <span class='ocrx_word' id='word_1_96' title='bbox 432 1829 588 1892; x_wconf 90' lang='lat' dir='ltr'>comitem</span> <span class='ocrx_word' id='word_1_97' title='bbox 606 1829 761 1914; x_wconf 84' lang='lat' dir='ltr'>Asbyten</span> <span class='ocrx_word' id='word_1_98' title='bbox 778 1831 928 1894; x_wconf 88' lang='lat' dir='ltr'>coniecta</span> <span class='ocrx_word' id='word_1_99' title='bbox 944 1829 1081 1911; x_wconf 89' lang='lat' dir='ltr'>cuspide</span> <span class='ocrx_word' id='word_1_100' title='bbox 1098 1829 1208 1904; x_wconf 90' lang='lat' dir='ltr'>mittit,</span> 
     </span>
     <span class='ocr_line' id='line_1_16' title="bbox 282 1933 1281 2018; baseline -0.005 -20"><span class='ocrx_word' id='word_1_101' title='bbox 282 1934 491 2016; x_wconf 82' lang='lat' dir='ltr'>Chloreaque</span> <span class='ocrx_word' id='word_1_102' title='bbox 509 1933 731 2018; x_wconf 86' lang='lat' dir='ltr'>Sybarimque</span> <span class='ocrx_word' id='word_1_103' title='bbox 751 1936 942 2016; x_wconf 86' lang='lat' dir='ltr'>Daretaque</span> <span class='ocrx_word' id='word_1_104' title='bbox 959 1933 1281 2013; x_wconf 87' lang='lat' dir='ltr'>Thersilochumque</span> 
     </span>
     <span class='ocr_line' id='line_1_17' title="bbox 284 2036 1124 2122; baseline -0.001 -23"><span class='ocrx_word' id='word_1_105' title='bbox 284 2039 326 2100; x_wconf 92' lang='lat' dir='ltr'>Et</span> <span class='ocrx_word' id='word_1_106' title='bbox 343 2038 503 2101; x_wconf 91' lang='lat' dir='ltr'>sternacis</span> <span class='ocrx_word' id='word_1_107' title='bbox 520 2038 595 2120; x_wconf 90' lang='lat' dir='ltr'>equi</span> <span class='ocrx_word' id='word_1_108' title='bbox 613 2039 747 2119; x_wconf 78' lang='lat' dir='ltr'>lapsum‘</span> <span class='ocrx_word' id='word_1_109' title='bbox 760 2036 887 2102; x_wconf 89' lang='lat' dir='ltr'>cervice</span> <span class='ocrx_word' id='word_1_110' title='bbox 904 2039 1124 2122; x_wconf 74' lang='lat' dir='ltr'>Thymoeten,</span> 
     </span>
    </p>

    <p class='ocr_par' dir='ltr' id='par_1_9' title="bbox 193 2141 1160 2433">
     <span class='ocr_line' id='line_1_18' title="bbox 193 2141 1044 2224; baseline 0.004 -23"><span class='ocrx_word' id='word_1_111' title='bbox 193 2151 240 2216; x_wconf 85' lang='lat'>365</span> <span class='ocrx_word' id='word_1_112' title='bbox 281 2141 334 2205; x_wconf 92' lang='lat' dir='ltr'>Ac</span> <span class='ocrx_word' id='word_1_113' title='bbox 350 2142 441 2205; x_wconf 90' lang='lat' dir='ltr'>velut</span> <span class='ocrx_word' id='word_1_114' title='bbox 460 2142 567 2204; x_wconf 91' lang='lat' dir='ltr'>Edoni</span> <span class='ocrx_word' id='word_1_115' title='bbox 586 2143 714 2205; x_wconf 88' lang='lat' dir='ltr'>Boreae</span> <span class='ocrx_word' id='word_1_116' title='bbox 731 2163 805 2206; x_wconf 93' lang='lat' dir='ltr'>cum</span> <span class='ocrx_word' id='word_1_117' title='bbox 824 2142 960 2224; x_wconf 88' lang='lat' dir='ltr'>spiritus</span> <span class='ocrx_word' id='word_1_118' title='bbox 978 2143 1044 2204; x_wconf 90' lang='lat' dir='ltr'>alto</span> 
     </span>
     <span class='ocr_line' id='line_1_19' title="bbox 283 2245 1134 2328; baseline 0 -20"><span class='ocrx_word' id='word_1_119' title='bbox 283 2247 421 2309; x_wconf 90' lang='lat' dir='ltr'>Insonat</span> <span class='ocrx_word' id='word_1_120' title='bbox 436 2247 585 2327; x_wconf 89' lang='lat' dir='ltr'>Aegaeo,</span> <span class='ocrx_word' id='word_1_121' title='bbox 604 2245 817 2328; x_wconf 89' lang='lat' dir='ltr'>sequiturque</span> <span class='ocrx_word' id='word_1_122' title='bbox 834 2247 876 2308; x_wconf 90' lang='lat' dir='ltr'>ad</span> <span class='ocrx_word' id='word_1_123' title='bbox 894 2246 987 2309; x_wconf 91' lang='lat' dir='ltr'>litora</span> <span class='ocrx_word' id='word_1_124' title='bbox 1005 2246 1134 2318; x_wconf 73' lang='lat' dir='ltr'>fluctus</span> 
     </span>
     <span class='ocr_line' id='line_1_20' title="bbox 282 2351 1160 2433; baseline 0 -21"><span class='ocrx_word' id='word_1_125' title='bbox 282 2351 357 2432; x_wconf 84' lang='lat' dir='ltr'>Qua</span> <span class='ocrx_word' id='word_1_126' title='bbox 373 2351 465 2414; x_wconf 90' lang='lat' dir='ltr'>venti</span> <span class='ocrx_word' id='word_1_127' title='bbox 481 2353 670 2427; x_wconf 90' lang='lat' dir='ltr'>incubuere,</span> <span class='ocrx_word' id='word_1_128' title='bbox 688 2353 804 2433; x_wconf 85' lang='lat' dir='ltr'>fugam</span> <span class='ocrx_word' id='word_1_129' title='bbox 823 2352 903 2414; x_wconf 91' lang='lat' dir='ltr'>dant</span> <span class='ocrx_word' id='word_1_130' title='bbox 920 2351 1033 2413; x_wconf 91' lang='lat' dir='ltr'>nubila</span> <span class='ocrx_word' id='word_1_131' title='bbox 1050 2351 1160 2414; x_wconf 88' lang='lat' dir='ltr'>caelo:</span> 
     </span>
    </p>

    <p class='ocr_par' dir='ltr' id='par_1_10' title="bbox 282 2454 1221 2642">
     <span class='ocr_line' id='line_1_21' title="bbox 282 2454 1221 2539; baseline -0.004 -20"><span class='ocrx_word' id='word_1_132' title='bbox 282 2455 337 2519; x_wconf 86' lang='lat' dir='ltr'>Sic</span> <span class='ocrx_word' id='word_1_133' title='bbox 354 2456 477 2530; x_wconf 89' lang='lat' dir='ltr'>Turno,</span> <span class='ocrx_word' id='word_1_134' title='bbox 495 2476 705 2539; x_wconf 90' lang='lat' dir='ltr'>quacumque</span> <span class='ocrx_word' id='word_1_135' title='bbox 722 2456 809 2518; x_wconf 90' lang='lat' dir='ltr'>viam</span> <span class='ocrx_word' id='word_1_136' title='bbox 828 2464 928 2528; x_wconf 92' lang='lat' dir='ltr'>secat,</span> <span class='ocrx_word' id='word_1_137' title='bbox 946 2456 1082 2536; x_wconf 86' lang='lat' dir='ltr'>agmina</span> <span class='ocrx_word' id='word_1_138' title='bbox 1097 2454 1221 2516; x_wconf 90' lang='lat' dir='ltr'>cedunt</span> 
     </span>
     <span class='ocr_line' id='line_1_22' title="bbox 282 2543 1161 2642; baseline -0.006 -18"><span class='ocrx_word' id='word_1_139' title='bbox 282 2560 536 2642; x_wconf 91' lang='lat' dir='ltr'>Conversaeque</span> <span class='ocrx_word' id='word_1_140' title='bbox 553 2572 653 2632; x_wconf 91' lang='lat' dir='ltr'>ruunt</span> <span class='ocrx_word' id='word_1_141' title='bbox 669 2543 865 2637; x_wconf 47' lang='lat' dir='ltr'>aclesefert</span> <span class='ocrx_word' id='word_1_142' title='bbox 882 2561 1026 2641; x_wconf 89' lang='lat' dir='ltr'>impetus</span> <span class='ocrx_word' id='word_1_143' title='bbox 1043 2558 1161 2639; x_wconf 87' lang='lat' dir='ltr'>ipsum,</span> 
     </span>
    </p>

    <p class='ocr_par' dir='ltr' id='par_1_11' title="bbox 75 2662 1258 3059">
     <span class='ocr_line' id='line_1_23' title="bbox 75 2662 1159 2747; baseline 0.001 -25"><span class='ocrx_word' id='word_1_144' title='bbox 75 2678 78 2683; x_wconf 87' lang='lat'>·</span> <span class='ocrx_word' id='word_1_145' title='bbox 194 2688 242 2738; x_wconf 85' lang='lat'>370</span> <span class='ocrx_word' id='word_1_146' title='bbox 284 2665 326 2726; x_wconf 88' lang='lat' dir='ltr'>Et</span> <span class='ocrx_word' id='word_1_147' title='bbox 343 2663 474 2726; x_wconf 88' lang='lat' dir='ltr'>cristam</span> <span class='ocrx_word' id='word_1_148' title='bbox 493 2665 633 2728; x_wconf 89' lang='lat' dir='ltr'>adverso</span> <span class='ocrx_word' id='word_1_149' title='bbox 649 2685 746 2728; x_wconf 92' lang='lat' dir='ltr'>curru</span> <span class='ocrx_word' id='word_1_150' title='bbox 764 2663 870 2747; x_wconf 90' lang='lat' dir='ltr'>quatit</span> <span class='ocrx_word' id='word_1_151' title='bbox 886 2683 966 2726; x_wconf 91' lang='lat' dir='ltr'>aura</span> <span class='ocrx_word' id='word_1_152' title='bbox 982 2662 1159 2724; x_wconf 88' lang='lat' dir='ltr'>volantem.</span> 
     </span>
     <span class='ocr_line' id='line_1_24' title="bbox 283 2766 1258 2850; baseline -0.005 -20"><span class='ocrx_word' id='word_1_153' title='bbox 283 2769 360 2832; x_wconf 89' lang='lat' dir='ltr'>Non</span> <span class='ocrx_word' id='word_1_154' title='bbox 377 2769 451 2831; x_wconf 89' lang='lat' dir='ltr'>tulit</span> <span class='ocrx_word' id='word_1_155' title='bbox 467 2769 645 2833; x_wconf 90' lang='lat' dir='ltr'>instantem</span> <span class='ocrx_word' id='word_1_156' title='bbox 665 2769 818 2850; x_wconf 86' lang='lat' dir='ltr'>Phegeus</span> <span class='ocrx_word' id='word_1_157' title='bbox 835 2767 1021 2849; x_wconf 88' lang='lat' dir='ltr'>animisque</span> <span class='ocrx_word' id='word_1_158' title='bbox 1038 2766 1258 2840; x_wconf 66' lang='lat' dir='ltr'>frementem</span> 
     </span>
     <span class='ocr_line' id='line_1_25' title="bbox 282 2869 1103 2955; baseline -0.006 -19"><span class='ocrx_word' id='word_1_159' title='bbox 282 2871 414 2936; x_wconf 88' lang='lat' dir='ltr'>Obiecit</span> <span class='ocrx_word' id='word_1_160' title='bbox 431 2893 504 2936; x_wconf 90' lang='lat' dir='ltr'>sese</span> <span class='ocrx_word' id='word_1_161' title='bbox 521 2874 562 2936; x_wconf 91' lang='lat' dir='ltr'>ad</span> <span class='ocrx_word' id='word_1_162' title='bbox 580 2894 721 2948; x_wconf 87' lang='lat' dir='ltr'>currum,</span> <span class='ocrx_word' id='word_1_163' title='bbox 740 2883 772 2936; x_wconf 93' lang='lat' dir='ltr'>et</span> <span class='ocrx_word' id='word_1_164' title='bbox 792 2871 982 2955; x_wconf 87' lang='lat' dir='ltr'>spumantia</span> <span class='ocrx_word' id='word_1_165' title='bbox 1000 2869 1103 2932; x_wconf 85' lang='lat' dir='ltr'>frenis</span> 
     </span>
     <span class='ocr_line' id='line_1_26' title="bbox 283 2977 1019 3059; baseline -0.005 -18"><span class='ocrx_word' id='word_1_166' title='bbox 283 2977 352 3041; x_wconf 90' lang='lat' dir='ltr'>Ora</span> <span class='ocrx_word' id='word_1_167' title='bbox 368 2979 544 3041; x_wconf 88' lang='lat' dir='ltr'>citatorum</span> <span class='ocrx_word' id='word_1_168' title='bbox 562 2979 676 3041; x_wconf 88' lang='lat' dir='ltr'>dextra</span> <span class='ocrx_word' id='word_1_169' title='bbox 693 2977 831 3041; x_wconf 91' lang='lat' dir='ltr'>detorsit</span> <span class='ocrx_word' id='word_1_170' title='bbox 849 2996 1019 3059; x_wconf 76' lang='lat' dir='ltr'>equorum,</span> 
     </span>
    </p>

    <p class='ocr_par' dir='ltr' id='par_1_12' title="bbox 285 3079 1225 3164">
     <span class='ocr_line' id='line_1_27' title="bbox 285 3079 1225 3164; baseline -0.006 -20"><span class='ocrx_word' id='word_1_171' title='bbox 285 3082 374 3144; x_wconf 93' lang='lat' dir='ltr'>Dum</span> <span class='ocrx_word' id='word_1_172' title='bbox 390 3082 532 3144; x_wconf 88' lang='lat' dir='ltr'>trahitur</span> <span class='ocrx_word' id='word_1_173' title='bbox 550 3082 739 3164; x_wconf 92' lang='lat' dir='ltr'>pendetque</span> <span class='ocrx_word' id='word_1_174' title='bbox 756 3082 853 3162; x_wconf 84' lang='lat' dir='ltr'>iugis,</span> <span class='ocrx_word' id='word_1_175' title='bbox 872 3081 961 3143; x_wconf 93' lang='lat' dir='ltr'>hunc</span> <span class='ocrx_word' id='word_1_176' title='bbox 979 3079 1046 3142; x_wconf 90' lang='lat' dir='ltr'>lata</span> <span class='ocrx_word' id='word_1_177' title='bbox 1062 3086 1225 3142; x_wconf 90' lang='lat' dir='ltr'>retectum</span> 
     </span>
    </p>

    <p class='ocr_par' dir='ltr' id='par_1_13' title="bbox 194 3182 1152 3578">
     <span class='ocr_line' id='line_1_28' title="bbox 194 3182 1131 3268; baseline -0.003 -22"><span class='ocrx_word' id='word_1_178' title='bbox 194 3208 241 3261; x_wconf 83' lang='lat'>375</span> <span class='ocrx_word' id='word_1_179' title='bbox 286 3185 420 3248; x_wconf 87' lang='lat' dir='ltr'>Lancea</span> <span class='ocrx_word' id='word_1_180' title='bbox 436 3185 659 3268; x_wconf 88' lang='lat' dir='ltr'>consequitur,</span> <span class='ocrx_word' id='word_1_181' title='bbox 678 3187 867 3267; x_wconf 89' lang='lat' dir='ltr'>rumpitque</span> <span class='ocrx_word' id='word_1_182' title='bbox 885 3184 984 3248; x_wconf 84' lang='lat' dir='ltr'>infixa</span> <span class='ocrx_word' id='word_1_183' title='bbox 1001 3182 1131 3246; x_wconf 89' lang='lat' dir='ltr'>bilicem</span> 
     </span>
     <span class='ocr_line' id='line_1_29' title="bbox 284 3289 1152 3371; baseline -0.005 -20"><span class='ocrx_word' id='word_1_184' title='bbox 284 3289 446 3363; x_wconf 85' lang='lat' dir='ltr'>Loricam,</span> <span class='ocrx_word' id='word_1_185' title='bbox 464 3299 496 3352; x_wconf 90' lang='lat' dir='ltr'>et</span> <span class='ocrx_word' id='word_1_186' title='bbox 513 3309 677 3352; x_wconf 93' lang='lat' dir='ltr'>summum</span> <span class='ocrx_word' id='word_1_187' title='bbox 695 3289 852 3371; x_wconf 88' lang='lat' dir='ltr'>degustat</span> <span class='ocrx_word' id='word_1_188' title='bbox 866 3289 1005 3351; x_wconf 90' lang='lat' dir='ltr'>vulnere</span> <span class='ocrx_word' id='word_1_189' title='bbox 1022 3305 1152 3368; x_wconf 91' lang='lat' dir='ltr'>corpus.</span> 
     </span>
     <span class='ocr_line' id='line_1_30' title="bbox 284 3391 1137 3474; baseline -0.004 -19"><span class='ocrx_word' id='word_1_190' title='bbox 284 3394 344 3456; x_wconf 90' lang='lat' dir='ltr'>llle</span> <span class='ocrx_word' id='word_1_191' title='bbox 360 3402 473 3456; x_wconf 89' lang='lat' dir='ltr'>tamen</span> <span class='ocrx_word' id='word_1_192' title='bbox 490 3393 597 3474; x_wconf 90' lang='lat' dir='ltr'>clipeo</span> <span class='ocrx_word' id='word_1_193' title='bbox 613 3393 742 3456; x_wconf 88' lang='lat' dir='ltr'>obiecto</span> <span class='ocrx_word' id='word_1_194' title='bbox 760 3413 941 3456; x_wconf 89' lang='lat' dir='ltr'>conversus</span> <span class='ocrx_word' id='word_1_195' title='bbox 956 3393 991 3454; x_wconf 92' lang='lat' dir='ltr'>in</span> <span class='ocrx_word' id='word_1_196' title='bbox 1008 3391 1137 3454; x_wconf 88' lang='lat' dir='ltr'>hostem</span> 
     </span>
     <span class='ocr_line' id='line_1_31' title="bbox 285 3495 1043 3578; baseline -0.004 -18"><span class='ocrx_word' id='word_1_197' title='bbox 285 3497 367 3572; x_wconf 89' lang='lat' dir='ltr'>Ibat,</span> <span class='ocrx_word' id='word_1_198' title='bbox 385 3506 418 3560; x_wconf 88' lang='lat' dir='ltr'>et</span> <span class='ocrx_word' id='word_1_199' title='bbox 434 3496 589 3559; x_wconf 90' lang='lat' dir='ltr'>auxilium</span> <span class='ocrx_word' id='word_1_200' title='bbox 607 3497 706 3560; x_wconf 90' lang='lat' dir='ltr'>ducto</span> <span class='ocrx_word' id='word_1_201' title='bbox 724 3516 881 3560; x_wconf 91' lang='lat' dir='ltr'>mucrone</span> <span class='ocrx_word' id='word_1_202' title='bbox 898 3495 1043 3578; x_wconf 88' lang='lat' dir='ltr'>petebat,</span> 
     </span>
    </p>

    <p class='ocr_par' dir='ltr' id='par_1_14' title="bbox 283 3597 1171 3682">
     <span class='ocr_line' id='line_1_32' title="bbox 283 3597 1171 3682; baseline -0.006 -16"><span class='ocrx_word' id='word_1_203' title='bbox 283 3601 367 3666; x_wconf 90' lang='lat' dir='ltr'>Cum</span> <span class='ocrx_word' id='word_1_204' title='bbox 385 3611 456 3663; x_wconf 91' lang='lat' dir='ltr'>rota</span> <span class='ocrx_word' id='word_1_205' title='bbox 473 3600 689 3682; x_wconf 88' lang='lat' dir='ltr'>praecipitem</span> <span class='ocrx_word' id='word_1_206' title='bbox 707 3611 740 3664; x_wconf 92' lang='lat' dir='ltr'>et</span> <span class='ocrx_word' id='word_1_207' title='bbox 757 3621 916 3682; x_wconf 89' lang='lat' dir='ltr'>procursu</span> <span class='ocrx_word' id='word_1_208' title='bbox 934 3599 1083 3663; x_wconf 92' lang='lat' dir='ltr'>concitus</span> <span class='ocrx_word' id='word_1_209' title='bbox 1100 3597 1171 3661; x_wconf 90' lang='lat' dir='ltr'>axis</span> 
     </span>
    </p>

    <p class='ocr_par' dir='ltr' id='par_1_15' title="bbox 196 3704 1116 3889">
     <span class='ocr_line' id='line_1_33' title="bbox 196 3704 1116 3787; baseline -0.001 -23"><span class='ocrx_word' id='word_1_210' title='bbox 196 3715 244 3780; x_wconf 84' lang='lat'>380</span> <span class='ocrx_word' id='word_1_211' title='bbox 285 3704 421 3786; x_wconf 89' lang='lat' dir='ltr'>Impulit</span> <span class='ocrx_word' id='word_1_212' title='bbox 438 3704 649 3787; x_wconf 86' lang='lat' dir='ltr'>effunditque</span> <span class='ocrx_word' id='word_1_213' title='bbox 666 3706 744 3778; x_wconf 89' lang='lat' dir='ltr'>solo,</span> <span class='ocrx_word' id='word_1_214' title='bbox 763 3706 965 3787; x_wconf 90' lang='lat' dir='ltr'>Turnusque</span> <span class='ocrx_word' id='word_1_215' title='bbox 982 3711 1116 3768; x_wconf 91' lang='lat' dir='ltr'>secutus</span> 
     </span>
     <span class='ocr_line' id='line_1_34' title="bbox 285 3801 1078 3889; baseline -0.009 -12"><span class='ocrx_word' id='word_1_216' title='bbox 285 3809 391 3877; x_wconf 77' lang='lat' dir='ltr'>Iuram</span> <span class='ocrx_word' id='word_1_217' title='bbox 408 3806 493 3878; x_wconf 86' lang='lat' dir='ltr'>iuter</span> <span class='ocrx_word' id='word_1_218' title='bbox 509 3808 639 3889; x_wconf 88' lang='lat' dir='ltr'>galeam</span> <span class='ocrx_word' id='word_1_219' title='bbox 658 3810 775 3874; x_wconf 86' lang='lat' dir='ltr'>summi</span> <span class='ocrx_word' id='word_1_220' title='bbox 793 3801 938 3875; x_wconf 89' lang='lat' dir='ltr'>thoracis</span> <span class='ocrx_word' id='word_1_221' title='bbox 955 3818 989 3872; x_wconf 94' lang='lat' dir='ltr'>et</span> <span class='ocrx_word' id='word_1_222' title='bbox 1004 3827 1078 3872; x_wconf 90' lang='lat' dir='ltr'>oras</span> 
     </span>
    </p>
   </div>
   <div class='ocr_carea' id='block_1_3' title="bbox 0 0 1412 4282">
    <p class='ocr_par' dir='ltr' id='par_1_16' title="bbox 0 0 1412 4282">
     <span class='ocr_line' id='line_1_35' title="bbox 0 0 1412 4282; baseline 0 0"><span class='ocrx_word' id='word_1_223' title='bbox 0 0 1412 4282; x_wconf 95' lang='lat' dir='ltr'> </span> 
     </span>
    </p>
   </div>
  </div>
 </body>
</html>
