2816 4282
442 311 446 319 .
494 261 610 317 risun
636 261 810 317 bacmos
1137 272 1199 337 277

181 443 249 526 Quo
265 463 377 525 neque
395 463 453 506 me
474 442 597 518 Rutuli,
615 463 677 506 nec
694 445 828 506 conscia
843 444 934 506 fama
951 444 1140 525 sequatur.'’

111 558 151 607 680
221 549 313 610 Haec
328 567 527 610 memorans
540 547 650 609 animo
665 567 754 608 nunc
771 548 835 610 huc
852 567 940 609 nunc
954 546 1090 610 fluctuat
1104 548 1198 624 illuc;

184 653 234 714 An
250 671 322 714 sese
339 671 506 714 mucrone
522 651 564 713 ob
580 661 709 714 tantum
726 651 872 714 dedecus
890 671 1006 714 amens

185 756 309 831 Induat,
327 766 363 818 et
381 756 523 818 crudum
541 775 601 836 per
616 764 726 818 costas
742 756 853 835 exigat
868 775 1000 830 ensem;

185 859 352 923 Fluctibus
369 881 414 922 an
431 858 531 922 iaciat
547 858 671 934 mediis,
689 867 723 922 et
739 859 834 921 litora
850 860 961 922 nando

185 965 287 1028 Curva
304 973 410 1046 petat,
428 965 662 1044 Teucrumque
679 963 797 1025 iterum
815 983 850 1025 se
867 963 984 1026 reddat
999 965 1032 1025 in
1048 983 1149 1027 arma.

110 1079 148 1144 685
182 1069 243 1132 Ter
259 1078 403 1132 conatus
421 1076 595 1148 utramque
611 1067 718 1142 viam;
743 1075 794 1129 ter
810 1069 951 1128 maxima
970 1068 1053 1130 luno

184 1173 362 1248 continuit,
380 1174 601 1252 iuvenemque
618 1171 719 1233 animi
735 1171 892 1233 miserata
909 1171 1073 1251 repressit.

186 1277 322 1340 Labitur
339 1278 408 1338 alta
424 1297 542 1339 secans
560 1273 729 1356 fluctuque
747 1284 908 1357 aestuque
925 1276 1080 1352 secundo,

185 1383 226 1444 Et
242 1382 344 1463 patris
362 1382 533 1462 antiquam
553 1380 664 1441 Dauni
681 1380 830 1442 defertur
846 1380 888 1441 ad
905 1379 1030 1442 urbem.

225 1487 272 1548 At
290 1485 380 1548 lovis
397 1485 524 1547 interea
540 1483 672 1548 monitis
691 1482 877 1546 Mezentius
895 1484 1015 1546 ardens

111 1600 151 1660 690
184 1589 337 1653 Succedit
354 1609 498 1670 pugnae,
514 1590 729 1671 Teucrosque
746 1588 873 1650 invadit
890 1598 1036 1651 ovantes.

185 1695 394 1758 Concurrunt
411 1693 607 1776 Tyrrhenae
624 1692 721 1767 acies,
740 1701 839 1773 atque
855 1691 1008 1755 omnibus
1026 1692 1090 1767 uni,

185 1799 251 1862 Uni
267 1798 420 1880 odiisque
437 1799 507 1860 viro
523 1798 663 1879 telisque
680 1798 911 1880 frequentibus
927 1797 1061 1862 instant.

185 1902 252 1978 Ille,
269 1903 362 1965 velut
379 1921 489 1983 rupeS,
506 1911 638 1988 vastum
654 1922 739 1983 quae
757 1903 866 1982 prodit
882 1902 915 1964 in
932 1921 1064 1983 aequor,

185 2007 292 2070 Obvia
307 2015 484 2069 ventorum
501 2005 594 2068 furiis
612 2016 816 2088 expostaque
833 2017 945 2088 ponto,

110 2121 147 2185 695
181 2110 255 2173 Vim
273 2120 429 2173 cunctam
447 2119 546 2191 atque
563 2111 669 2173 minas
686 2111 811 2191 perfert
828 2110 976 2192 caelique
992 2112 1168 2194 marisque,

185 2216 263 2296 Ipsa
278 2217 417 2277 immota
434 2234 581 2290 manens
601 2214 726 2296 prolem
746 2214 963 2292 Dolichaonis
982 2216 1133 2280 Hebrum

184 2320 308 2384 Sternit
324 2318 427 2394 humi,
442 2339 515 2381 cum
533 2339 598 2400 quo
617 2320 783 2400 Latagum
802 2321 1018 2401 Palmumque
1031 2322 1195 2401 fugacem,

184 2424 250 2487 Sed
269 2425 437 2503 Latagum
453 2443 532 2485 saxo
548 2433 646 2504 atque
663 2423 791 2504 ingenti
807 2424 973 2504 fragmine
989 2427 1110 2488 montis

182 2529 337 2609 Occupat
354 2547 391 2590 os
407 2527 595 2609 faciemque
612 2528 795 2604 adversam,
816 2529 940 2610 poplite
959 2529 1108 2592 Palmum

110 2655 148 2704 700
183 2633 319 2696 Succiso
334 2631 424 2694 volvi
440 2651 577 2712 segnem
595 2631 672 2695 sinit
682 2652 689 2708 ;
714 2653 872 2714 armaque
891 2634 1001 2696 Lauso

185 2738 298 2799 Donat
314 2735 439 2798 habere
456 2736 577 2798 umeris
594 2745 626 2799 et
642 2737 766 2800 vertice
784 2739 885 2818 ligere
902 2739 1027 2801 cristas.

185 2843 339 2904 Necnon
359 2840 537 2902 Euanthen
556 2841 747 2924 Phrygium,
768 2841 959 2924 Paridisque
978 2842 1142 2905 Mimanta

182 2945 369 3027 Aequalem
388 2938 617 3026 comitemque,
636 2965 702 3007 una
718 2955 930 3026 quem-nocte
948 2947 1087 3009 Theano

183 3050 223 3110 In
240 3049 347 3111 lucem
365 3047 506 3128 genitori
523 3047 655 3133 Amyco
672 3048 771 3125 dedit,
789 3059 822 3112 et
839 3051 913 3112 face
930 3070 1120 3132 praegnans

108 3175 144 3227 705
181 3154 304 3217 Cisseis
321 3152 437 3232 regina
455 3151 571 3214 Parin:
597 3152 689 3214 Paris
706 3153 785 3216 urbe
803 3163 942 3234 paterna
1051 3131 1057 3147 .

182 3257 353 3332 Occubat3
378 3255 531 3336 ignarum
551 3257 702 3318 Laurens
718 3256 821 3320 habet
836 3279 893 3320 ora
911 3258 1084 3321 Mimanta.

182 3361 234 3424 Ac
250 3362 342 3423 velut
357 3361 412 3422 ille
429 3380 548 3422 canum
567 3381 678 3424 morsu
695 3361 736 3423 de
754 3361 920 3424 montibus
937 3362 1012 3424 altis

182 3466 289 3528 Actus
306 3484 396 3544 aper,
414 3464 535 3526 multos
550 3465 695 3527 Vesulus
712 3485 810 3546 quem
828 3465 949 3547 pinifer
966 3487 1071 3530 annos

184 3568 354 3643 Defendit,
373 3568 560 3650 multosque
578 3569 672 3649 palus
692 3569 881 3644 Laurentia,
900 3569 982 3632 silva

108 3695 145 3746 710
182 3675 299 3735 Pastus
317 3671 508 3745 arundinea,
528 3681 702 3753 postquam
721 3672 806 3736 inter
822 3673 905 3735 retia
920 3685 1055 3737 ventum
1073 3683 1132 3750 est,
1196 3733 1199 3737 .

183 3775 346 3851 Substitit,
364 3774 601 3856 infremuitque
618 3775 712 3838 ferox
727 3785 761 3838 et
776 3776 938 3838 inhorruit
953 3797 1063 3840 armos
1072 3797 1080 3853 ;
