2796 4282
206 293 266 373 164
558 297 716 351 vanum
743 297 939 350 Aruernos

290 480 368 542 Dux
385 479 601 555 Anchisiade,
619 499 680 542 nec
698 499 749 541 me
766 479 848 542 deus
864 497 1006 560 aequore
1021 480 1147 544 mersit.
1376 471 1377 552 l

291 585 445 666 Namque
462 583 700 664 gubernaclum
717 583 821 646 multa
836 582 869 646 vi
884 570 970 646 forte
986 584 1167 659 revulsum,

201 715 248 766 350
291 689 354 752 Cui
370 688 467 750 datus
485 686 661 750 haerebam
680 696 792 750 custos
804 665 1173 769 cursusqueregebam,
1376 663 1377 738 l

290 791 517 873 Praecipitans
533 791 616 854 traxi
633 811 771 856 mecum.
819 792 928 854 Maria
943 811 1063 872 aspera
1078 793 1162 868 iuro,

289 897 320 958 N
324 917 367 960 on
385 896 487 959 ullum
504 916 564 976 pro
581 915 633 957 me
649 903 777 957 tantum
794 895 923 977 cepisse
939 895 1100 972 timorem,

289 1002 399 1082 Quam
416 1010 472 1064 tua
489 1020 540 1075 ne,
559 999 700 1080 spoliata
715 999 824 1074 armis¹
842 1019 981 1064 excussa
1001 1001 1172 1082 magistre,

290 1106 457 1168 Deficeret
472 1106 574 1167 tantis
590 1103 684 1166 navis
700 1104 913 1185 surgentibus
930 1104 1037 1168 undis.

200 1236 247 1287 355
287 1210 371 1276 Tres
390 1210 499 1272 Notus
515 1208 671 1271 hibernas
687 1207 849 1272 immensa
865 1229 926 1290 per
941 1229 1086 1290 aequora
1101 1219 1219 1274 noctes

287 1314 387 1377 Vexit
403 1333 455 1376 me
471 1314 636 1401 viplentus
651 1333 756 1395 aqua;
779 1299 834 1376 ‘vix
849 1313 973 1376 lumine
988 1322 1106 1395 quarto

289 1417 448 1498 Prospexi
465 1417 597 1481 ltaliam
615 1438 745 1480 summa
761 1416 910 1480 sublimis
927 1417 969 1480 ab
984 1417 1082 1480 unda.

246 1545 252 1560 ·
289 1523 450 1585 Paulatim
469 1522 633 1586 adnabam
652 1532 779 1597 terrae;
803 1521 867 1584 iam
885 1531 956 1585 tuta
972 1521 1137 1597 tenebam,

290 1627 334 1688 Ni
350 1645 434 1706 gens
451 1626 593 1688 crudelis
609 1626 744 1689 madida
760 1645 835 1689 cum
852 1635 945 1690 veste
961 1635 1135 1706 gravatum

200 1743 247 1808 360
288 1731 572 1811 Prensantemque
589 1730 683 1792 uncis
701 1731 854 1793 manibus
870 1730 980 1811 capita
996 1749 1115 1811 aspera
1132 1731 1254 1794 montis

288 1834 390 1896 Ferro
406 1833 593 1908 invasisset,
611 1834 837 1915 praedamque
852 1835 969 1916 ignara
985 1842 1145 1914 putasset.

287 1939 319 1999 N
324 1957 387 2000 unc
405 1958 457 2000 me
474 1937 593 2002 fluctus
610 1938 721 2013 habet,
737 1947 937 2019 versantque
954 1927 987 2000 in
1003 1936 1098 2000 litore
1114 1937 1215 1999 venti.

287 2041 386 2122 Quod
403 2050 436 2104 te
453 2061 512 2122 per
526 2042 612 2104 ¹caeli
628 2041 808 2104 iucundum
825 2042 935 2104 lumen
952 2050 985 2106 et
1001 2061 1108 2115 auras,

287 2145 349 2207 Per
365 2146 550 2225 genitorem
567 2166 634 2221 0r0,
653 2166 713 2226 per
730 2166 807 2226 spes
829 2147 996 2226 surgentis
1015 2144 1087 2220 Iuli,

199 2260 245 2326 365
288 2249 390 2330 Eripe
406 2269 458 2312 me
476 2249 535 2323 his,
553 2249 684 2325 invicte,
702 2249 816 2312 malis:
840 2258 949 2329 autxtu
965 2248 1045 2311 mihi
1060 2258 1183 2310 terram
1214 2239 1216 2242 ’

287 2352 389 2427 Inice,
407 2373 552 2434 namque
570 2363 675 2434 potes,
695 2362 876 2434 portusque
894 2351 1023 2434 require
1038 2352 1185 2428 Velinus,

287 2455 358 2518 Aut
374 2466 419 2531 tu,
438 2457 466 2518 si
482 2477 548 2538 qua
563 2459 617 2520 via
633 2468 692 2532 est,
710 2457 739 2520 si
755 2477 855 2539 quam
871 2456 931 2520 tibi
947 2457 1022 2518 diva
1038 2456 1180 2518 creatrix

288 2560 453 2635 Ostendit,
464 2581 627 2642 —neque
644 2563 742 2638 enim,
761 2561 868 2636 cred0,
887 2560 957 2622 sine
974 2559 1108 2622 numine
1124 2560 1236 2622 divum

288 2663 443 2726 Flumina
458 2674 552 2754 tanta
569 2685 667 2746 paras
684 2665 904 2754 Stygiamque
921 2665 1035 2726 innare
1052 2663 1209 2744 paludem
1221 2699 1262 2708 —

199 2794 246 2843 370
288 2768 342 2828 Da
359 2769 508 2830 dextram
525 2769 654 2844 misem,
672 2779 705 2834 et
722 2780 831 2832 tecum
848 2790 901 2832 me
917 2770 996 2831 tolle
1013 2789 1072 2849 per
1087 2768 1203 2842 undas,

288 2871 430 2934 Sedibus
447 2882 482 2936 ut
499 2874 617 2936 saltem
635 2874 774 2954 placidis
790 2875 823 2936 in
840 2883 946 2936 morte
962 2872 1162 2955 quiescam.''

330 2976 426 3037 Talia
445 2978 535 3040 fatus
552 2988 631 3053 erat,
650 2979 760 3060 coepit
776 2999 850 3041 cum
868 2979 947 3042 talia
962 2988 1074 3042 vates:

288 3079 419 3142 “Unde
436 3081 527 3152 haec,
546 3103 565 3144 ο
584 3083 746 3157 Palinure,
764 3082 823 3146 tibi
839 3093 906 3145 tam
924 3083 995 3144 dira
1011 3080 1155 3162 cupido?

287 3184 339 3248 Tu
357 3184 492 3267 Stygias
508 3187 700 3251 inhumatus
717 3207 821 3268 aquas
838 3205 1036 3268 amnemque
1053 3203 1205 3248 severum

199 3310 245 3363 375
288 3287 509 3350 Eumenidum
529 3290 680 3371 aspicies,
699 3291 849 3372 ripamve
867 3291 1010 3354 iniussus
1026 3288 1155 3352 adibis?

289 3390 414 3454 Desine
431 3392 502 3455 fata
518 3381 727 3458 deumfiecti
739 3415 874 3476 sperare
892 3394 1068 3476 precanda

288 3494 354 3556 Sed
371 3515 454 3576 cape
471 3496 560 3560 dicta
577 3517 711 3574 memor,
729 3500 802 3562 duri
819 3501 942 3562 solacia
958 3519 1064 3562 casus.

288 3596 376 3658 Nam
393 3607 451 3659 tua
467 3600 604 3674 finitimi,
623 3601 723 3682 longe
740 3603 871 3684 lateque
889 3623 949 3683 per
965 3603 1063 3667 urbes

290 3697 451 3777 Prodigiis
468 3702 533 3762 acti
549 3703 756 3778 caelestibus,
774 3725 851 3768 ossa
869 3706 1016 3786 piabunt,

202 3807 248 3870 380
292 3799 335 3859 Et
352 3808 498 3860 statuent
515 3805 687 3879 tumulum,
706 3817 739 3869 et
755 3810 882 3870 tumulo
899 3808 1071 3870 sollemnia
1088 3808 1230 3884 mittent,
