2800 4286
514 331 630 383 LIBER
658 330 833 383 DECIMUS
1166 339 1228 404 257

178 512 395 595 Aggeribus
413 530 596 585 murorum,
614 521 646 574 et
663 510 828 572 inundant
844 509 1005 591 sanguine
1023 510 1140 574 fossas.

94 640 121 693 ²5
179 617 333 682 Aeneas
352 617 499 698 ignarus
517 615 618 678 abest.
669 615 907 696 Numquamne
923 615 1025 678 levari

180 721 388 786 Obsidione
406 719 523 783 sines?
548 719 649 781 muris
665 719 784 782 iterum
800 719 952 782 imminet
968 719 1073 783 hostis

182 825 385 891 Nascentis
402 825 536 897 Troiae,
554 844 615 886 nee
632 843 699 886 non
716 823 880 887 exercitus
898 824 981 887 alter
987 846 998 912 3

182 931 311 1014 Atque
329 931 455 992 iterum
472 930 507 990 in
525 929 672 991 Teucros
691 928 822 990 Aetolis
841 929 946 1010 surgit
963 928 1004 991 ab
1022 928 1125 1010 Arpis

182 1035 360 1122 Tydides
412 1033 578 1115 Equidem
596 1033 704 1108 cred0,
723 1052 797 1096 mea
812 1034 951 1096 vulnera
966 1043 1101 1109 restant,

97 1163 128 1213 30
186 1141 238 1204 Et
254 1150 319 1202 tua
338 1138 520 1220 progenies
538 1137 689 1200 mortalia
706 1138 860 1201 demoror
876 1138 985 1201 arma!
1057 1148 1059 1154 ’

188 1245 230 1310 Si
247 1245 327 1308 sine
346 1263 430 1325 pace
447 1253 506 1305 tua
522 1251 621 1324 atque
639 1242 742 1304 invito
759 1242 893 1305 numine
910 1243 1016 1306 Troes

189 1347 335 1412 Italiam
354 1349 492 1429 petiere,
510 1347 604 1408 luant
621 1356 768 1428 peccata,
785 1367 894 1429 neque
909 1346 982 1410 illos

191 1453 334 1516 Iuveris
351 1451 492 1524 auxilio;
518 1450 569 1513 sin
585 1460 634 1513 tot
650 1469 812 1532 responsa
828 1451 941 1526 secuti,

193 1557 299 1640 Quae
314 1555 430 1636 superi
442 1557 629 1637 Manesque
641 1555 775 1631 dabant,
794 1576 852 1618 cur
865 1575 953 1619 nune
966 1566 1023 1619 tua
1037 1558 1210 1639 quisquam

103 1686 134 1738 35
194 1663 346 1726 Vertere
363 1660 455 1724 iussa
468 1668 589 1741 potest,
607 1670 665 1722 aut
681 1680 739 1722 cur
755 1679 841 1722 nova
859 1660 1000 1723 condere
1017 1660 1109 1722 lata?

245 1764 370 1847 “Quid
387 1773 538 1845 repetam
555 1773 688 1827 exustas
706 1764 851 1848 Erycino
867 1763 900 1825 in
918 1763 1011 1827 litore
1028 1764 1174 1827 classes?

198 1869 293 1952 Quid
310 1877 552 1948 tempestatum
570 1887 694 1948 regem,
711 1878 896 1950 ventosque
913 1868 1062 1931 furentes

197 1972 325 2036 Aeolia
342 1973 477 2046 excitos
496 1981 553 2034 aut
570 1981 678 2034 actam
698 1972 841 2034 nubibus
860 1971 965 2034 Irim?

201 2078 306 2140 Nunc
327 2075 428 2139 etiam
448 2077 716 2139 Manes-haee
733 2076 931 2158 intemptata
948 2077 1104 2140 manebat

201 2181 286 2245 Sors
302 2201 414 2244 rerum
425 2217 466 2226 —
477 2190 597 2256 movet,
611 2190 644 2243 et
660 2181 789 2262 superis
805 2180 952 2243 immissa
969 2191 1106 2262 repente

160 2319 163 2326 ·
200 2286 348 2360 Allecto,
367 2285 495 2347 medias
515 2285 637 2347 Italum
654 2285 818 2348 bacchata
834 2305 894 2367 per
910 2285 1017 2348 urbes.

202 2390 262 2452 Nil
279 2409 382 2470 super
394 2388 533 2469 imperio
551 2407 704 2465 moveor;
730 2390 936 2470 speravimus
953 2391 1026 2466 ista,

202 2495 291 2558 Cum
308 2493 446 2555 fortuna
461 2493 542 2569 fuit;
567 2493 712 2568 vincant,
730 2514 814 2576 quos
830 2493 963 2557 vincere
980 2496 1093 2557 mavis

250 2597 317 2661 “Si
330 2596 424 2659 nulla
440 2607 491 2659 est
506 2598 609 2677 regio,
628 2598 766 2661 Teucris
782 2617 881 2680 quam
898 2599 955 2661 det
970 2608 1028 2661 tua
1044 2597 1187 2661 coniunx

205 2703 312 2776 Dura,
332 2720 392 2782 per
407 2719 554 2777 eversae,
573 2702 711 2782 genitor,
729 2703 894 2765 fumantia
911 2703 1030 2765 Troiae

203 2805 347 2868 Excidia
363 2803 520 2881 obtestor,
538 2805 636 2868 liceat
652 2806 817 2869 dimittere
835 2806 877 2869 ab
894 2807 993 2869 armis

204 2909 417 2972 Incolumem
435 2909 628 2986 Ascanium,
646 2909 745 2974 liceat
760 2931 935 2992 superesse
952 2920 1118 2992 nepotem.

204 3014 345 3076 Aeneas
361 3033 443 3076 sane
459 3013 581 3094 ignotis
598 3014 738 3078 iactetur
753 3017 786 3076 in
804 3015 910 3091 undis,

205 3118 261 3193 Et,
279 3137 525 3200 quamcumque
541 3119 629 3181 viam
646 3118 776 3182 dederit
793 3120 950 3194 Fortuna,
965 3128 1141 3200 sequatur;

208 3222 313 3284 Hunc
328 3231 443 3302 tegere
460 3232 493 3285 et
509 3222 600 3286 dirae
616 3225 745 3287 valeam
763 3224 948 3286 subducere
966 3243 1108 3304 pugnae.

209 3327 272 3388 Est
288 3326 467 3402 Amathus,
485 3336 536 3390 est
555 3328 645 3391 celsa
660 3329 741 3390 mihi
760 3329 892 3409 Paphos
909 3337 1008 3409 atque
1025 3328 1182 3412 Cythera,

208 3430 403 3512 Idaliaeque
419 3431 556 3507 domus;
583 3432 698 3514 positis
715 3433 875 3514 inglorius
891 3431 991 3494 armis

209 3533 332 3615 Exigat
348 3534 401 3597 hic
418 3555 546 3598 aevum.
596 3537 723 3617 Magna
740 3538 869 3599 dicione
887 3536 998 3598 iubeto

209 3639 385 3720 Karthago
402 3649 531 3720 premat
548 3640 734 3704 Ausoniam
749 3662 755 3716 3
781 3641 862 3702 nihil
880 3640 1016 3703 urbibus
1032 3639 1109 3703 inde

209 3741 368 3806 Obstabit
385 3745 503 3826 Tyriis.
552 3745 641 3826 Quid
661 3755 787 3826 pestem
806 3745 947 3807 evadere
963 3743 1042 3807 belli

209 3848 299 3909 Iuvit
311 3856 344 3908 et
362 3847 538 3926 Argolicos
555 3849 699 3912 medium
717 3848 845 3929 fugisse
863 3867 922 3927 per
938 3850 1042 3927 ignes,

287 3951 403 3996 FRIEZE’S
416 3961 518 3997 AENEID
527 3977 558 3986 -
569 3963 597 4014 17
