2822 4294
466 333 581 385 LIBER
608 333 812 387 SECUNDUS

77 543 132 594 250
207 514 357 579 Vertitur
375 512 507 576 interea
524 513 650 577 caelum
670 523 702 576 et
721 514 783 576 ruit
800 523 926 578 oceani>
943 516 974 579 N
978 537 1027 592 ox,

169 620 346 682 Involvens
364 617 486 680 umbra
502 624 624 699 magna
640 628 829 700 terramque
847 620 1026 703 polumque

171 724 491 808 Myrmidonumque
508 722 618 798 dolas3
644 722 712 784 iusi
728 743 787 804 per
804 723 933 786 moenia
950 725 1072 788 Teucri

170 828 386 902 Conticuere;
413 845 514 908 sopor
530 825 638 889 fessos
655 827 887 907 complectitur
904 835 1004 892 artas.

171 933 212 995 Et
227 933 292 994 iam
310 933 443 1012 Argiva
461 930 604 1012 phalanx
620 938 790 994 instructis
807 932 946 996 navibus
963 933 1031 996 ibat

83 1064 131 1114 255
170 1022 200 1099 A
217 1037 366 1110 Tenedo,
385 1035 507 1097 tacitae
524 1054 583 1117 per
600 1045 706 1098 amica
724 1037 854 1098 silentia
871 1037 969 1101 lanae

171 1141 284 1204 Litora
300 1148 380 1202 nata
398 1146 525 1221 petens,
544 1137 694 1202 flammas
711 1160 786 1202 cum
803 1141 895 1222 regia
912 1140 1034 1223 puppis

171 1246 353 1319 Extulerat,
372 1244 516 1325 fatisque
534 1243 632 1306 deum
651 1244 810 1307 dalansus
827 1244 947 1328 iniquis

171 1350 322 1413 Inclusas
339 1355 436 1411 utera
454 1348 590 1410 Danaos
607 1357 639 1410 et
657 1357 755 1429 pinea
771 1349 885 1411 fartim

171 1455 276 1516 Laxat
292 1454 439 1517 claustra
457 1452 569 1516 Sinon.
619 1452 698 1514 Illas
716 1453 905 1534 patefactus
922 1454 963 1516 ad
980 1462 1077 1517 auras
1141 1530 1144 1538 1

85 1572 128 1620 260
171 1559 291 1621 Reddit
309 1578 428 1640 equus,
447 1557 589 1639 laetique
607 1565 689 1619 cavo
705 1564 741 1618 sa
757 1556 874 1620 robore
891 1565 1047 1638 promunt

169 1662 406 1726 Thessandrus
424 1661 670 1743 Sthenelusque
688 1661 789 1724 duces
806 1671 838 1724 et
855 1663 945 1725 dirus
962 1662 1087 1738 Ulixes,

171 1767 361 1831 Demissum
383 1767 468 1847 lapsi
489 1786 548 1846 per
571 1765 696 1840 funem,
721 1765 943 1849 Acamasque,
961 1767 1151 1850 Thoasque,

170 1872 364 1953 Palidesque
385 1870 637 1950 Neoptolemus
657 1879 848 1953 primusque
868 1871 1044 1946 Machaon,

170 1976 212 2038 Et
229 1976 417 2049 Menelaus
436 1973 555 2055 etipse
573 1973 638 2036 doli
656 1975 834 2037 fabricator
853 1976 974 2056 Epeos.

84 2092 128 2157 265
170 2080 336 2143 Invadunt
355 2075 470 2141 urbem
490 2086 607 2140 somno
622 2086 766 2161 vinoque
783 2080 967 2159 sepultam;

168 2184 362 2248 Caeduntur
379 2181 504 2263 vigiles,
525 2191 694 2264 portisque
712 2183 904 2264 patentibus
920 2191 1036 2248 omnes

169 2288 351 2369 Accipiunt
368 2288 475 2349 socios
492 2296 592 2367 atque
610 2288 743 2367 agmina
761 2288 895 2350 conscia
910 2287 1061 2369 iungunt.

211 2393 363 2472 Tempus
379 2401 449 2453 erat
466 2398 533 2471 quo
550 2400 655 2471 prima
669 2392 763 2472 quies
781 2391 974 2455 mortalibus
990 2402 1099 2474 aegris

169 2496 290 2577 Incipit
307 2505 340 2558 et
357 2496 445 2557 dano
461 2494 572 2557 divum
591 2495 779 2576 gratissima
796 2496 908 2578 serpit.

84 2627 127 2674 270
168 2601 208 2662 ln
225 2609 362 2675 somniS,
379 2620 467 2674 ecce,
485 2609 562 2662 ante
580 2600 693 2662 oculas
714 2601 953 2663 maestissimus
972 2602 1099 2665 Hector

167 2705 268 2768 Visus
284 2706 404 2767 adesse
421 2705 509 2778 mihi,
529 2703 706 2785 largosque
725 2704 899 2768 effundere
916 2703 1032 2782 fletas3

169 2810 337 2890 Raptatus
354 2809 448 2888 bigis,
466 2818 503 2870 ut
520 2809 698 2890 quondam,
717 2815 854 2890 aterque
871 2817 1009 2872 cruenta

168 2913 317 2988 Pulvere,
336 2933 461 2995 perque
478 2913 581 2993 pedes
597 2912 754 2975 traiectus
771 2912 841 2975 lora
856 2920 1032 2977 tumentes.

169 3017 209 3079 Ei
227 3017 318 3092 mihi,
335 3017 441 3098 qualis
457 3016 546 3080 erat!
572 3026 732 3098 quantum
750 3023 897 3080 mutatus
913 3016 955 3079 ab
971 3017 1027 3080 illo

83 3148 124 3200 ²75
170 3121 328 3196 Hectore,
347 3130 403 3202 qui
418 3121 502 3183 redit
519 3121 653 3183 exuvias
671 3121 808 3183 indatus
824 3120 958 3196 Achilli,

167 3225 230 3288 Vel
251 3225 407 3287 Danaum
426 3225 588 3309 Phrygias
605 3226 767 3288 iaculatus
784 3225 954 3307 puppibus
969 3227 1082 3307 ignes!
1154 3284 1157 3289 .

168 3329 386 3411 Squalentem
403 3329 539 3392 barbam
558 3339 590 3391 et
607 3337 779 3392 concretos
797 3329 960 3411 sanguine
977 3337 1083 3393 crines

167 3434 384 3525 Vulneraque
400 3434 455 3495 illa
472 3441 601 3514 geraus,
620 3453 705 3515 quae
722 3433 844 3496 circum
863 3433 1005 3514 plurima
1022 3441 1134 3497 maros

167 3537 313 3619 Accepit
328 3539 460 3618 patrios.
509 3537 608 3601 Ultro
624 3538 706 3600 flens
723 3537 795 3619 ipse
811 3536 949 3600 videbar

85 3655 127 3705 280
168 3642 380 3724 Compellare
393 3643 498 3704 virum
515 3651 547 3704 et
566 3649 709 3704 maestas
727 3648 920 3723 expiamere
937 3649 1054 3706 vocas:

214 3732 275 3811 “O
294 3747 349 3807 lax
367 3746 567 3820 Dardaniae,
586 3752 663 3826 spes
680 3744 879 3807 aridissima
897 3746 1074 3820 Teucrum,

170 3850 267 3933 Quae
283 3859 397 3913 tantae
413 3857 548 3913 tenuare
565 3849 701 3912 morae?
726 3848 847 3931 quibus
864 3847 993 3910 Hector
1009 3848 1051 3910 ab
1067 3856 1132 3909 oris
