<?xml version="1.0" encoding="UTF-8"?>
<!DOCTYPE html PUBLIC "-//W3C//DTD XHTML 1.0 Transitional//EN"
    "http://www.w3.org/TR/xhtml1/DTD/xhtml1-transitional.dtd">
<html xmlns="http://www.w3.org/1999/xhtml" xml:lang="en" lang="en">
 <head>
  <title>
</title>
<meta http-equiv="Content-Type" content="text/html;charset=utf-8" />
  <meta name='ocr-system' content='tesseract 3.04.00' />
  <meta name='ocr-capabilities' content='ocr_page ocr_carea ocr_par ocr_line ocrx_word'/>
</head>
<body>
  <div class='ocr_page' id='page_1' title='image "./virgilsaeneidbo00denngoog_0357.png"; bbox 0 0 2816 4282; ppageno 0'>
   <div class='ocr_carea' id='block_1_1' title="bbox 153 319 894 400">
    <p class='ocr_par' dir='ltr' id='par_1_1' title="bbox 153 319 894 400">
     <span class='ocr_line' id='line_1_1' title="bbox 153 319 894 400; baseline -0.011 -14"><span class='ocrx_word' id='word_1_1' title='bbox 153 319 214 400; x_wconf 82' lang='lat'>338</span> <span class='ocrx_word' id='word_1_2' title='bbox 510 321 669 378; x_wconf 80' lang='lat' dir='ltr'>vunomr</span> <span class='ocrx_word' id='word_1_3' title='bbox 696 322 894 378; x_wconf 67' lang='lat' dir='ltr'>Aruernos</span> 
     </span>
    </p>
   </div>
   <div class='ocr_carea' id='block_1_2' title="bbox 152 503 1261 3922">
    <p class='ocr_par' dir='ltr' id='par_1_2' title="bbox 152 503 1261 3922">
     <span class='ocr_line' id='line_1_2' title="bbox 152 503 1007 570; baseline 0.002 -3"><span class='ocrx_word' id='word_1_4' title='bbox 152 517 201 567; x_wconf 85' lang='lat'>810</span> <span class='ocrx_word' id='word_1_5' title='bbox 241 506 313 569; x_wconf 88' lang='lat' dir='ltr'>Nec</span> <span class='ocrx_word' id='word_1_6' title='bbox 329 514 365 569; x_wconf 94' lang='lat' dir='ltr'>tu</span> <span class='ocrx_word' id='word_1_7' title='bbox 381 525 435 568; x_wconf 89' lang='lat' dir='ltr'>me</span> <span class='ocrx_word' id='word_1_8' title='bbox 451 504 539 568; x_wconf 73' lang='lat' dir='ltr'>aeria</span> <span class='ocrx_word' id='word_1_9' title='bbox 555 503 659 567; x_wconf 90' lang='lat' dir='ltr'>solam</span> <span class='ocrx_word' id='word_1_10' title='bbox 676 524 765 567; x_wconf 91' lang='lat' dir='ltr'>nunc</span> <span class='ocrx_word' id='word_1_11' title='bbox 781 503 860 568; x_wconf 89' lang='lat' dir='ltr'>sede</span> <span class='ocrx_word' id='word_1_12' title='bbox 877 503 1007 570; x_wconf 89' lang='lat' dir='ltr'>videres</span> 
     </span>
     <span class='ocr_line' id='line_1_3' title="bbox 242 608 1166 694; baseline 0.001 -22"><span class='ocrx_word' id='word_1_13' title='bbox 242 611 354 692; x_wconf 87' lang='lat' dir='ltr'>Digna</span> <span class='ocrx_word' id='word_1_14' title='bbox 369 609 507 690; x_wconf 86' lang='lat' dir='ltr'>indigna</span> <span class='ocrx_word' id='word_1_15' title='bbox 524 609 601 690; x_wconf 87' lang='lat' dir='ltr'>pati,</span> <span class='ocrx_word' id='word_1_16' title='bbox 619 609 678 672; x_wconf 89' lang='lat' dir='ltr'>sed</span> <span class='ocrx_word' id='word_1_17' title='bbox 695 608 836 678; x_wconf 86' lang='lat' dir='ltr'>flammis</span> <span class='ocrx_word' id='word_1_18' title='bbox 853 609 962 672; x_wconf 92' lang='lat' dir='ltr'>cincta</span> <span class='ocrx_word' id='word_1_19' title='bbox 978 610 1039 673; x_wconf 92' lang='lat' dir='ltr'>sub</span> <span class='ocrx_word' id='word_1_20' title='bbox 1056 611 1166 694; x_wconf 86' lang='lat' dir='ltr'><strong>ipsam</strong></span> 
     </span>
     <span class='ocr_line' id='line_1_4' title="bbox 241 707 1261 796; baseline 0 -19"><span class='ocrx_word' id='word_1_21' title='bbox 241 715 370 778; x_wconf 90' lang='lat' dir='ltr'>Starem</span> <span class='ocrx_word' id='word_1_22' title='bbox 380 707 492 776; x_wconf 86' lang='lat' dir='ltr'>aciem</span> <span class='ocrx_word' id='word_1_23' title='bbox 509 713 742 795; x_wconf 81' lang='lat' dir='ltr'>traheremque</span> <span class='ocrx_word' id='word_1_24' title='bbox 758 709 893 776; x_wconf 89' lang='lat' dir='ltr'>inimica</span> <span class='ocrx_word' id='word_1_25' title='bbox 907 713 941 775; x_wconf 91' lang='lat' dir='ltr'>in</span> <span class='ocrx_word' id='word_1_26' title='bbox 957 714 1084 796; x_wconf 89' lang='lat' dir='ltr'>proelia</span> <span class='ocrx_word' id='word_1_27' title='bbox 1100 716 1261 788; x_wconf 86' lang='lat' dir='ltr'>Teucros.</span> 
     </span>
     <span class='ocr_line' id='line_1_5' title="bbox 242 818 1019 893; baseline 0.003 -13"><span class='ocrx_word' id='word_1_28' title='bbox 242 819 415 882; x_wconf 88' lang='lat' dir='ltr'>Iuturnam</span> <span class='ocrx_word' id='word_1_29' title='bbox 433 818 562 893; x_wconf 89' lang='lat' dir='ltr'>misero,</span> <span class='ocrx_word' id='word_1_30' title='bbox 580 818 696 892; x_wconf 83' lang='lat' dir='ltr'>fateor,</span> <span class='ocrx_word' id='word_1_31' title='bbox 715 837 907 882; x_wconf 86' lang='lat' dir='ltr'>succurrere</span> <span class='ocrx_word' id='word_1_32' title='bbox 923 818 1019 882; x_wconf 79' lang='lat' dir='ltr'>fratri</span> 
     </span>
     <span class='ocr_line' id='line_1_6' title="bbox 241 921 1010 1011; baseline 0 -26"><span class='ocrx_word' id='word_1_33' title='bbox 241 922 347 999; x_wconf 89' lang='lat' dir='ltr'>Suasi,</span> <span class='ocrx_word' id='word_1_34' title='bbox 365 932 398 985; x_wconf 89' lang='lat' dir='ltr'>et</span> <span class='ocrx_word' id='word_1_35' title='bbox 414 943 474 1004; x_wconf 92' lang='lat' dir='ltr'>pro</span> <span class='ocrx_word' id='word_1_36' title='bbox 490 922 559 984; x_wconf 91' lang='lat' dir='ltr'>vita</span> <span class='ocrx_word' id='word_1_37' title='bbox 574 921 699 984; x_wconf 89' lang='lat' dir='ltr'>maiora</span> <span class='ocrx_word' id='word_1_38' title='bbox 714 921 837 1011; x_wconf 80' lang='lat' dir='ltr'>audere</span> <span class='ocrx_word' id='word_1_39' title='bbox 853 922 990 1004; x_wconf 90' lang='lat' dir='ltr'>probavi</span> <span class='ocrx_word' id='word_1_40' title='bbox 1003 943 1010 999; x_wconf 91' lang='lat'>;</span> 
     </span>
     <span class='ocr_line' id='line_1_7' title="bbox 242 1026 1107 1101; baseline 0.002 -13"><span class='ocrx_word' id='word_1_41' title='bbox 242 1027 320 1090; x_wconf 94' lang='lat' dir='ltr'>Non</span> <span class='ocrx_word' id='word_1_42' title='bbox 337 1036 372 1090; x_wconf 84' lang='lat' dir='ltr'>ut</span> <span class='ocrx_word' id='word_1_43' title='bbox 386 1026 453 1089; x_wconf 89' lang='lat' dir='ltr'>tela</span> <span class='ocrx_word' id='word_1_44' title='bbox 468 1036 591 1101; x_wconf 90' lang='lat' dir='ltr'>tamen,</span> <span class='ocrx_word' id='word_1_45' title='bbox 608 1045 675 1088; x_wconf 91' lang='lat' dir='ltr'>non</span> <span class='ocrx_word' id='word_1_46' title='bbox 692 1034 729 1088; x_wconf 95' lang='lat' dir='ltr'>ut</span> <span class='ocrx_word' id='word_1_47' title='bbox 745 1027 961 1090; x_wconf 86' lang='lat' dir='ltr'>contenderet</span> <span class='ocrx_word' id='word_1_48' title='bbox 977 1047 1107 1090; x_wconf 90' lang='lat' dir='ltr'>arcum·</span> 
     </span>
     <span class='ocr_line' id='line_1_8' title="bbox 240 1129 965 1215; baseline 0 -21"><span class='ocrx_word' id='word_1_49' title='bbox 240 1130 369 1195; x_wconf 89' lang='lat' dir='ltr'>Adiuro</span> <span class='ocrx_word' id='word_1_50' title='bbox 387 1129 496 1215; x_wconf 85' lang='lat' dir='ltr'>Stygii</span> <span class='ocrx_word' id='word_1_51' title='bbox 511 1138 613 1211; x_wconf 88' lang='lat' dir='ltr'>caput</span> <span class='ocrx_word' id='word_1_52' title='bbox 628 1129 837 1210; x_wconf 81' lang='lat' dir='ltr'>implacabile</span> <span class='ocrx_word' id='word_1_53' title='bbox 853 1130 965 1206; x_wconf 86' lang='lat' dir='ltr'>fontis,</span> 
     </span>
     <span class='ocr_line' id='line_1_9' title="bbox 241 1233 1028 1316; baseline 0 -18"><span class='ocrx_word' id='word_1_54' title='bbox 241 1237 320 1299; x_wconf 91' lang='lat' dir='ltr'>Una</span> <span class='ocrx_word' id='word_1_55' title='bbox 336 1233 525 1316; x_wconf 85' lang='lat' dir='ltr'>superstitio</span> <span class='ocrx_word' id='word_1_56' title='bbox 542 1233 672 1315; x_wconf 91' lang='lat' dir='ltr'>superis</span> <span class='ocrx_word' id='word_1_57' title='bbox 688 1254 774 1315; x_wconf 91' lang='lat' dir='ltr'>quae</span> <span class='ocrx_word' id='word_1_58' title='bbox 791 1235 920 1298; x_wconf 88' lang='lat' dir='ltr'>reddita</span> <span class='ocrx_word' id='word_1_59' title='bbox 935 1234 1028 1298; x_wconf 92' lang='lat' dir='ltr'>divis.</span> 
     </span>
     <span class='ocr_line' id='line_1_10' title="bbox 242 1337 1177 1422; baseline 0.002 -20"><span class='ocrx_word' id='word_1_60' title='bbox 242 1340 286 1402; x_wconf 92' lang='lat' dir='ltr'>Et</span> <span class='ocrx_word' id='word_1_61' title='bbox 301 1358 390 1402; x_wconf 92' lang='lat' dir='ltr'>nunc</span> <span class='ocrx_word' id='word_1_62' title='bbox 406 1338 488 1401; x_wconf 91' lang='lat' dir='ltr'>cedo</span> <span class='ocrx_word' id='word_1_63' title='bbox 504 1337 668 1420; x_wconf 89' lang='lat' dir='ltr'>equidem,</span> <span class='ocrx_word' id='word_1_64' title='bbox 688 1358 884 1420; x_wconf 85' lang='lat' dir='ltr'>pugnasque</span> <span class='ocrx_word' id='word_1_65' title='bbox 900 1359 1000 1403; x_wconf 86' lang='lat' dir='ltr'>exosa</span> <span class='ocrx_word' id='word_1_66' title='bbox 1016 1340 1177 1422; x_wconf 90' lang='lat' dir='ltr'>relinquo.</span> 
     </span>
     <span class='ocr_line' id='line_1_11' title="bbox 242 1442 928 1524; baseline -0.001 -18"><span class='ocrx_word' id='word_1_67' title='bbox 242 1442 328 1506; x_wconf 91' lang='lat' dir='ltr'>Illud</span> <span class='ocrx_word' id='word_1_68' title='bbox 345 1453 387 1518; x_wconf 89' lang='lat' dir='ltr'>te,</span> <span class='ocrx_word' id='word_1_69' title='bbox 405 1442 496 1505; x_wconf 87' lang='lat' dir='ltr'>nulla</span> <span class='ocrx_word' id='word_1_70' title='bbox 512 1443 574 1505; x_wconf 85' lang='lat' dir='ltr'>fati</span> <span class='ocrx_word' id='word_1_71' title='bbox 591 1443 680 1524; x_wconf 93' lang='lat' dir='ltr'>quod</span> <span class='ocrx_word' id='word_1_72' title='bbox 698 1443 772 1524; x_wconf 86' lang='lat' dir='ltr'>lege</span> <span class='ocrx_word' id='word_1_73' title='bbox 789 1453 928 1519; x_wconf 91' lang='lat' dir='ltr'>tenetur,</span> 
     </span>
     <span class='ocr_line' id='line_1_12' title="bbox 242 1547 1029 1628; baseline 0 -17"><span class='ocrx_word' id='word_1_74' title='bbox 242 1549 304 1611; x_wconf 93' lang='lat' dir='ltr'>Pro</span> <span class='ocrx_word' id='word_1_75' title='bbox 322 1547 418 1611; x_wconf 91' lang='lat' dir='ltr'>Latio</span> <span class='ocrx_word' id='word_1_76' title='bbox 435 1547 591 1622; x_wconf 92' lang='lat' dir='ltr'>obtestor,</span> <span class='ocrx_word' id='word_1_77' title='bbox 610 1567 669 1628; x_wconf 91' lang='lat' dir='ltr'>pro</span> <span class='ocrx_word' id='word_1_78' title='bbox 688 1547 860 1611; x_wconf 90' lang='lat' dir='ltr'>maiestate</span> <span class='ocrx_word' id='word_1_79' title='bbox 877 1557 1029 1611; x_wconf 87' lang='lat' dir='ltr'>tuorum:</span> 
     </span>
     <span class='ocr_line' id='line_1_13' title="bbox 241 1650 1066 1732; baseline 0 -16"><span class='ocrx_word' id='word_1_80' title='bbox 241 1653 325 1717; x_wconf 91' lang='lat' dir='ltr'>Cum</span> <span class='ocrx_word' id='word_1_81' title='bbox 342 1653 405 1714; x_wconf 88' lang='lat' dir='ltr'>iarn</span> <span class='ocrx_word' id='word_1_82' title='bbox 423 1650 574 1714; x_wconf 89' lang='lat' dir='ltr'>conubiis</span> <span class='ocrx_word' id='word_1_83' title='bbox 591 1671 708 1732; x_wconf 88' lang='lat' dir='ltr'>pacem</span> <span class='ocrx_word' id='word_1_84' title='bbox 725 1651 1013 1716; x_wconf 82' lang='lat' dir='ltr'>felicibus—esto</span> <span class='ocrx_word' id='word_1_85' title='bbox 1024 1689 1066 1700; x_wconf 86' lang='lat'>-</span> 
     </span>
     <span class='ocr_line' id='line_1_14' title="bbox 241 1755 1114 1839; baseline -0.001 -18"><span class='ocrx_word' id='word_1_86' title='bbox 241 1758 461 1838; x_wconf 91' lang='lat' dir='ltr'>Component,</span> <span class='ocrx_word' id='word_1_87' title='bbox 479 1776 555 1818; x_wconf 93' lang='lat' dir='ltr'>cum</span> <span class='ocrx_word' id='word_1_88' title='bbox 573 1755 637 1817; x_wconf 89' lang='lat' dir='ltr'>iam</span> <span class='ocrx_word' id='word_1_89' title='bbox 654 1755 746 1837; x_wconf 85' lang='lat' dir='ltr'>leges</span> <span class='ocrx_word' id='word_1_90' title='bbox 763 1765 796 1819; x_wconf 90' lang='lat' dir='ltr'>et</span> <span class='ocrx_word' id='word_1_91' title='bbox 813 1757 949 1820; x_wconf 80' lang='lat' dir='ltr'>foedera</span> <span class='ocrx_word' id='word_1_92' title='bbox 965 1760 1114 1839; x_wconf 90' lang='lat' dir='ltr'>iungent,</span> 
     </span>
     <span class='ocr_line' id='line_1_15' title="bbox 242 1859 1048 1940; baseline 0 -16"><span class='ocrx_word' id='word_1_93' title='bbox 242 1863 294 1924; x_wconf 90' lang='lat' dir='ltr'>Ne</span> <span class='ocrx_word' id='word_1_94' title='bbox 310 1871 406 1924; x_wconf 91' lang='lat' dir='ltr'>vetus</span> <span class='ocrx_word' id='word_1_95' title='bbox 423 1859 597 1940; x_wconf 85' lang='lat' dir='ltr'>indigenas</span> <span class='ocrx_word' id='word_1_96' title='bbox 614 1879 737 1922; x_wconf 90' lang='lat' dir='ltr'>nomen</span> <span class='ocrx_word' id='word_1_97' title='bbox 754 1870 882 1924; x_wconf 88' lang='lat' dir='ltr'>mutare</span> <span class='ocrx_word' id='word_1_98' title='bbox 900 1861 1048 1936; x_wconf 89' lang='lat' dir='ltr'>Latinos,</span> 
     </span>
     <span class='ocr_line' id='line_1_16' title="bbox 242 1963 1025 2046; baseline 0 -18"><span class='ocrx_word' id='word_1_99' title='bbox 242 1967 318 2028; x_wconf 90' lang='lat' dir='ltr'>Neu</span> <span class='ocrx_word' id='word_1_100' title='bbox 335 1966 440 2027; x_wconf 89' lang='lat' dir='ltr'>Troas</span> <span class='ocrx_word' id='word_1_101' title='bbox 457 1964 526 2026; x_wconf 87' lang='lat' dir='ltr'>fieri</span> <span class='ocrx_word' id='word_1_102' title='bbox 542 1963 658 2026; x_wconf 89' lang='lat' dir='ltr'>iubeas</span> <span class='ocrx_word' id='word_1_103' title='bbox 675 1966 889 2046; x_wconf 90' lang='lat' dir='ltr'>Teucrosque</span> <span class='ocrx_word' id='word_1_104' title='bbox 906 1965 1025 2039; x_wconf 88' lang='lat' dir='ltr'>vocari,</span> 
     </span>
     <span class='ocr_line' id='line_1_17' title="bbox 226 2067 1076 2144; baseline 0.001 -13"><span class='ocrx_word' id='word_1_105' title='bbox 226 2069 314 2132; x_wconf 90' lang='lat' dir='ltr'>-Aut</span> <span class='ocrx_word' id='word_1_106' title='bbox 329 2088 445 2131; x_wconf 90' lang='lat' dir='ltr'>vocem</span> <span class='ocrx_word' id='word_1_107' title='bbox 462 2077 590 2130; x_wconf 91' lang='lat' dir='ltr'>mutare</span> <span class='ocrx_word' id='word_1_108' title='bbox 607 2067 704 2144; x_wconf 90' lang='lat' dir='ltr'>viros,</span> <span class='ocrx_word' id='word_1_109' title='bbox 723 2078 781 2132; x_wconf 91' lang='lat' dir='ltr'>aut</span> <span class='ocrx_word' id='word_1_110' title='bbox 797 2079 925 2132; x_wconf 91' lang='lat' dir='ltr'>vertere</span> <span class='ocrx_word' id='word_1_111' title='bbox 941 2079 1076 2134; x_wconf 88' lang='lat' dir='ltr'>vestem.</span> 
     </span>
     <span class='ocr_line' id='line_1_18' title="bbox 191 2171 1022 2263; baseline 0 -26"><span class='ocrx_word' id='word_1_112' title='bbox 191 2257 194 2263; x_wconf 20' lang='grc' dir='ltr'>Ι</span> <span class='ocrx_word' id='word_1_113' title='bbox 242 2173 292 2238; x_wconf 91' lang='lat' dir='ltr'>Sit</span> <span class='ocrx_word' id='word_1_114' title='bbox 311 2172 452 2248; x_wconf 86' lang='lat' dir='ltr'>Latium,</span> <span class='ocrx_word' id='word_1_115' title='bbox 471 2172 537 2234; x_wconf 93' lang='lat' dir='ltr'>sint</span> <span class='ocrx_word' id='word_1_116' title='bbox 553 2171 679 2234; x_wconf 88' lang='lat' dir='ltr'>Albani</span> <span class='ocrx_word' id='word_1_117' title='bbox 695 2192 755 2254; x_wconf 92' lang='lat' dir='ltr'>per</span> <span class='ocrx_word' id='word_1_118' title='bbox 771 2173 903 2236; x_wconf 91' lang='lat' dir='ltr'>saecula</span> <span class='ocrx_word' id='word_1_119' title='bbox 917 2193 1022 2256; x_wconf 87' lang='lat' dir='ltr'>reges,</span> 
     </span>
     <span class='ocr_line' id='line_1_19' title="bbox 236 2277 1022 2367; baseline 0 -26"><span class='ocrx_word' id='word_1_120' title='bbox 236 2277 292 2341; x_wconf 42' lang='lat' dir='ltr'>*Sit</span> <span class='ocrx_word' id='word_1_121' title='bbox 310 2278 464 2367; x_wconf 88' lang='lat' dir='ltr'>Romana</span> <span class='ocrx_word' id='word_1_122' title='bbox 479 2285 598 2358; x_wconf 93' lang='lat' dir='ltr'>potens</span> <span class='ocrx_word' id='word_1_123' title='bbox 616 2277 701 2338; x_wconf 86' lang='lat' dir='ltr'>itala</span> <span class='ocrx_word' id='word_1_124' title='bbox 716 2277 837 2340; x_wconf 91' lang='lat' dir='ltr'>virtute</span> <span class='ocrx_word' id='word_1_125' title='bbox 855 2297 1022 2360; x_wconf 86' lang='lat' dir='ltr'>propago;</span> 
     </span>
     <span class='ocr_line' id='line_1_20' title="bbox 242 2380 1120 2461; baseline -0.002 -15"><span class='ocrx_word' id='word_1_126' title='bbox 242 2381 383 2456; x_wconf 88' lang='lat' dir='ltr'>Occidit,</span> <span class='ocrx_word' id='word_1_127' title='bbox 401 2380 624 2461; x_wconf 90' lang='lat' dir='ltr'>occideritque</span> <span class='ocrx_word' id='word_1_128' title='bbox 641 2382 731 2444; x_wconf 90' lang='lat' dir='ltr'>sinas</span> <span class='ocrx_word' id='word_1_129' title='bbox 746 2401 823 2444; x_wconf 86' lang='lat' dir='ltr'>cum</span> <span class='ocrx_word' id='word_1_130' title='bbox 839 2381 973 2444; x_wconf 92' lang='lat' dir='ltr'>nomine</span> <span class='ocrx_word' id='word_1_131' title='bbox 989 2383 1120 2445; x_wconf 90' lang='lat' dir='ltr'>Troia.&#39;&#39;</span> 
     </span>
     <span class='ocr_line' id='line_1_21' title="bbox 271 2479 1112 2567; baseline -0.001 -18"><span class='ocrx_word' id='word_1_132' title='bbox 271 2486 354 2550; x_wconf 86' lang='lat' dir='ltr'>-Olli</span> <span class='ocrx_word' id='word_1_133' title='bbox 371 2485 546 2548; x_wconf 90' lang='lat' dir='ltr'>subridens</span> <span class='ocrx_word' id='word_1_134' title='bbox 563 2479 734 2547; x_wconf 90' lang='lat' dir='ltr'>hominum</span> <span class='ocrx_word' id='word_1_135' title='bbox 752 2505 927 2567; x_wconf 88' lang='lat' dir='ltr'>rerumque</span> <span class='ocrx_word' id='word_1_136' title='bbox 944 2495 1112 2567; x_wconf 88' lang='lat' dir='ltr'>repertor:</span> 
     </span>
     <span class='ocr_line' id='line_1_22' title="bbox 244 2589 1087 2672; baseline -0.001 -18"><span class='ocrx_word' id='word_1_137' title='bbox 244 2591 321 2654; x_wconf 89' lang='lat' dir='ltr'>“Es</span> <span class='ocrx_word' id='word_1_138' title='bbox 337 2609 497 2672; x_wconf 85' lang='lat' dir='ltr'>germana</span> <span class='ocrx_word' id='word_1_139' title='bbox 515 2589 603 2652; x_wconf 92' lang='lat' dir='ltr'>lovis</span> <span class='ocrx_word' id='word_1_140' title='bbox 621 2589 822 2672; x_wconf 92' lang='lat' dir='ltr'>Saturnique</span> <span class='ocrx_word' id='word_1_141' title='bbox 839 2591 942 2653; x_wconf 89' lang='lat' dir='ltr'>altera</span> <span class='ocrx_word' id='word_1_142' title='bbox 959 2590 1087 2671; x_wconf 91' lang='lat' dir='ltr'>proles;</span> 
     </span>
     <span class='ocr_line' id='line_1_23' title="bbox 244 2693 1005 2776; baseline -0.001 -18"><span class='ocrx_word' id='word_1_143' title='bbox 244 2697 372 2758; x_wconf 89' lang='lat' dir='ltr'>Irarum</span> <span class='ocrx_word' id='word_1_144' title='bbox 388 2703 499 2757; x_wconf 88' lang='lat' dir='ltr'>tantos</span> <span class='ocrx_word' id='word_1_145' title='bbox 517 2693 621 2758; x_wconf 90' lang='lat' dir='ltr'>volvis</span> <span class='ocrx_word' id='word_1_146' title='bbox 638 2695 699 2758; x_wconf 94' lang='lat' dir='ltr'>sub</span> <span class='ocrx_word' id='word_1_147' title='bbox 716 2703 851 2776; x_wconf 88' lang='lat' dir='ltr'>pectore</span> <span class='ocrx_word' id='word_1_148' title='bbox 868 2694 1005 2758; x_wconf 88' lang='lat' dir='ltr'>fluctus!</span> 
     </span>
     <span class='ocr_line' id='line_1_24' title="bbox 243 2799 1194 2881; baseline 0 -19"><span class='ocrx_word' id='word_1_149' title='bbox 243 2801 368 2863; x_wconf 91' lang='lat' dir='ltr'>Verum</span> <span class='ocrx_word' id='word_1_150' title='bbox 384 2818 447 2880; x_wconf 89' lang='lat' dir='ltr'>age</span> <span class='ocrx_word' id='word_1_151' title='bbox 464 2809 497 2862; x_wconf 90' lang='lat' dir='ltr'>et</span> <span class='ocrx_word' id='word_1_152' title='bbox 513 2799 681 2881; x_wconf 92' lang='lat' dir='ltr'>inceptum</span> <span class='ocrx_word' id='word_1_153' title='bbox 699 2799 824 2861; x_wconf 86' lang='lat' dir='ltr'>frustra</span> <span class='ocrx_word' id='word_1_154' title='bbox 841 2800 1010 2862; x_wconf 87' lang='lat' dir='ltr'>summitte</span> <span class='ocrx_word' id='word_1_155' title='bbox 1028 2799 1194 2876; x_wconf 87' lang='lat' dir='ltr'>furorem;</span> 
     </span>
     <span class='ocr_line' id='line_1_25' title="bbox 245 2903 1151 2986; baseline -0.002 -20"><span class='ocrx_word' id='word_1_156' title='bbox 245 2905 308 2979; x_wconf 91' lang='lat' dir='ltr'>Do,</span> <span class='ocrx_word' id='word_1_157' title='bbox 326 2904 415 2985; x_wconf 94' lang='lat' dir='ltr'>quod</span> <span class='ocrx_word' id='word_1_158' title='bbox 431 2903 490 2979; x_wconf 78' lang='lat' dir='ltr'>viS,</span> <span class='ocrx_word' id='word_1_159' title='bbox 507 2914 541 2967; x_wconf 91' lang='lat' dir='ltr'>et</span> <span class='ocrx_word' id='word_1_160' title='bbox 557 2925 609 2967; x_wconf 93' lang='lat' dir='ltr'>me</span> <span class='ocrx_word' id='word_1_161' title='bbox 624 2905 797 2986; x_wconf 90' lang='lat' dir='ltr'>victusque</span> <span class='ocrx_word' id='word_1_162' title='bbox 814 2903 996 2985; x_wconf 87' lang='lat' dir='ltr'>volensque</span> <span class='ocrx_word' id='word_1_163' title='bbox 1012 2904 1151 2967; x_wconf 87' lang='lat' dir='ltr'>remitto.</span> 
     </span>
     <span class='ocr_line' id='line_1_26' title="bbox 244 3007 1136 3090; baseline -0.001 -19"><span class='ocrx_word' id='word_1_164' title='bbox 244 3007 438 3071; x_wconf 89' lang='lat' dir='ltr'>Sermonem</span> <span class='ocrx_word' id='word_1_165' title='bbox 455 3007 598 3070; x_wconf 91' lang='lat' dir='ltr'>Ausonii</span> <span class='ocrx_word' id='word_1_166' title='bbox 615 3008 758 3088; x_wconf 87' lang='lat' dir='ltr'>patrium</span> <span class='ocrx_word' id='word_1_167' title='bbox 775 3027 950 3090; x_wconf 90' lang='lat' dir='ltr'>moresque</span> <span class='ocrx_word' id='word_1_168' title='bbox 966 3008 1136 3084; x_wconf 90' lang='lat' dir='ltr'>tenebunt,</span> 
     </span>
     <span class='ocr_line' id='line_1_27' title="bbox 245 3111 1184 3193; baseline -0.001 -18"><span class='ocrx_word' id='word_1_169' title='bbox 245 3112 358 3193; x_wconf 91' lang='lat' dir='ltr'>thue</span> <span class='ocrx_word' id='word_1_170' title='bbox 374 3120 434 3186; x_wconf 88' lang='lat' dir='ltr'>est,</span> <span class='ocrx_word' id='word_1_171' title='bbox 452 3131 572 3174; x_wconf 90' lang='lat' dir='ltr'>nomen</span> <span class='ocrx_word' id='word_1_172' title='bbox 590 3111 651 3174; x_wconf 89' lang='lat' dir='ltr'>erit</span> <span class='ocrx_word' id='word_1_173' title='bbox 661 3134 668 3188; x_wconf 93' lang='lat'>;</span> <span class='ocrx_word' id='word_1_174' title='bbox 694 3112 862 3175; x_wconf 88' lang='lat' dir='ltr'>commixti</span> <span class='ocrx_word' id='word_1_175' title='bbox 879 3132 1017 3192; x_wconf 92' lang='lat' dir='ltr'>corpore</span> <span class='ocrx_word' id='word_1_176' title='bbox 1034 3122 1162 3175; x_wconf 91' lang='lat' dir='ltr'>tantum</span> <span class='ocrx_word' id='word_1_177' title='bbox 1179 3154 1184 3162; x_wconf 87' lang='lat'>-</span> 
     </span>
     <span class='ocr_line' id='line_1_28' title="bbox 246 3214 1097 3298; baseline 0.001 -20"><span class='ocrx_word' id='word_1_178' title='bbox 246 3214 426 3278; x_wconf 87' lang='lat' dir='ltr'>Subsident</span> <span class='ocrx_word' id='word_1_179' title='bbox 439 3217 568 3279; x_wconf 89' lang='lat' dir='ltr'>Teucri.</span> <span class='ocrx_word' id='word_1_180' title='bbox 617 3216 747 3280; x_wconf 89' lang='lat' dir='ltr'>Morem</span> <span class='ocrx_word' id='word_1_181' title='bbox 765 3216 912 3298; x_wconf 92' lang='lat' dir='ltr'>ritusque</span> <span class='ocrx_word' id='word_1_182' title='bbox 929 3236 1097 3279; x_wconf 89' lang='lat' dir='ltr'>sacrorum</span> 
     </span>
     <span class='ocr_line' id='line_1_29' title="bbox 246 3319 1068 3406; baseline 0.002 -26"><span class='ocrx_word' id='word_1_183' title='bbox 246 3319 409 3394; x_wconf 86' lang='lat' dir='ltr'>Adiciam,</span> <span class='ocrx_word' id='word_1_184' title='bbox 427 3320 616 3406; x_wconf 80' lang='lat' dir='ltr'>faciamque</span> <span class='ocrx_word' id='word_1_185' title='bbox 632 3341 748 3383; x_wconf 92' lang='lat' dir='ltr'>omnes</span> <span class='ocrx_word' id='word_1_186' title='bbox 764 3341 831 3383; x_wconf 91' lang='lat' dir='ltr'>uno</span> <span class='ocrx_word' id='word_1_187' title='bbox 846 3340 903 3383; x_wconf 92' lang='lat' dir='ltr'>ore</span> <span class='ocrx_word' id='word_1_188' title='bbox 921 3321 1068 3383; x_wconf 92' lang='lat' dir='ltr'>Latinos.</span> 
     </span>
     <span class='ocr_line' id='line_1_30' title="bbox 247 3423 1201 3506; baseline 0.001 -21"><span class='ocrx_word' id='word_1_189' title='bbox 247 3423 337 3486; x_wconf 91' lang='lat' dir='ltr'>Hinc</span> <span class='ocrx_word' id='word_1_190' title='bbox 353 3443 461 3505; x_wconf 86' lang='lat' dir='ltr'>genus</span> <span class='ocrx_word' id='word_1_191' title='bbox 477 3424 630 3488; x_wconf 92' lang='lat' dir='ltr'>Ausonio</span> <span class='ocrx_word' id='word_1_192' title='bbox 646 3426 782 3487; x_wconf 88' lang='lat' dir='ltr'>mixtum</span> <span class='ocrx_word' id='word_1_193' title='bbox 799 3425 888 3506; x_wconf 93' lang='lat' dir='ltr'>quod</span> <span class='ocrx_word' id='word_1_194' title='bbox 904 3425 1067 3505; x_wconf 84' lang='lat' dir='ltr'>sanguine</span> <span class='ocrx_word' id='word_1_195' title='bbox 1080 3431 1201 3505; x_wconf 90' lang='lat' dir='ltr'>surget,</span> 
     </span>
     <span class='ocr_line' id='line_1_31' title="bbox 247 3527 1104 3610; baseline 0 -18"><span class='ocrx_word' id='word_1_196' title='bbox 247 3528 357 3608; x_wconf 88' lang='lat' dir='ltr'>Supra</span> <span class='ocrx_word' id='word_1_197' title='bbox 373 3528 533 3604; x_wconf 91' lang='lat' dir='ltr'>homines,</span> <span class='ocrx_word' id='word_1_198' title='bbox 552 3549 653 3609; x_wconf 89' lang='lat' dir='ltr'>supra</span> <span class='ocrx_word' id='word_1_199' title='bbox 669 3529 715 3592; x_wconf 92' lang='lat' dir='ltr'>ire</span> <span class='ocrx_word' id='word_1_200' title='bbox 731 3529 811 3592; x_wconf 91' lang='lat' dir='ltr'>deos</span> <span class='ocrx_word' id='word_1_201' title='bbox 828 3528 952 3610; x_wconf 89' lang='lat' dir='ltr'>pietate</span> <span class='ocrx_word' id='word_1_202' title='bbox 967 3527 1104 3604; x_wconf 93' lang='lat' dir='ltr'>videbis,</span> 
     </span>
     <span class='ocr_line' id='line_1_32' title="bbox 159 3631 1104 3713; baseline 0.006 -23"><span class='ocrx_word' id='word_1_203' title='bbox 159 3641 209 3703; x_wconf 80' lang='lat'>840</span> <span class='ocrx_word' id='word_1_204' title='bbox 249 3631 320 3693; x_wconf 92' lang='lat' dir='ltr'>Nec</span> <span class='ocrx_word' id='word_1_205' title='bbox 336 3651 421 3712; x_wconf 87' lang='lat' dir='ltr'>gens</span> <span class='ocrx_word' id='word_1_206' title='bbox 437 3633 504 3693; x_wconf 89' lang='lat' dir='ltr'>ulla</span> <span class='ocrx_word' id='word_1_207' title='bbox 519 3642 594 3695; x_wconf 91' lang='lat' dir='ltr'>tuos</span> <span class='ocrx_word' id='word_1_208' title='bbox 611 3651 716 3713; x_wconf 91' lang='lat' dir='ltr'>aeque</span> <span class='ocrx_word' id='word_1_209' title='bbox 733 3632 914 3696; x_wconf 87' lang='lat' dir='ltr'>celebrabit</span> <span class='ocrx_word' id='word_1_210' title='bbox 930 3631 1104 3712; x_wconf 83' lang='lat' dir='ltr'>honores.’&#39;</span> 
     </span>
     <span class='ocr_line' id='line_1_33' title="bbox 246 3734 1063 3814; baseline 0.005 -19"><span class='ocrx_word' id='word_1_211' title='bbox 246 3734 377 3796; x_wconf 89' lang='lat' dir='ltr'>Adnuit</span> <span class='ocrx_word' id='word_1_212' title='bbox 393 3734 444 3796; x_wconf 93' lang='lat' dir='ltr'>his</span> <span class='ocrx_word' id='word_1_213' title='bbox 463 3735 557 3814; x_wconf 90' lang='lat' dir='ltr'>Iuno,</span> <span class='ocrx_word' id='word_1_214' title='bbox 574 3745 607 3798; x_wconf 88' lang='lat' dir='ltr'>et</span> <span class='ocrx_word' id='word_1_215' title='bbox 624 3745 769 3798; x_wconf 93' lang='lat' dir='ltr'>mentem</span> <span class='ocrx_word' id='word_1_216' title='bbox 786 3737 907 3799; x_wconf 90' lang='lat' dir='ltr'>laetata</span> <span class='ocrx_word' id='word_1_217' title='bbox 923 3737 1063 3799; x_wconf 92' lang='lat' dir='ltr'>retorsit.</span> 
     </span>
     <span class='ocr_line' id='line_1_34' title="bbox 249 3835 1030 3922; baseline 0.005 -23"><span class='ocrx_word' id='word_1_218' title='bbox 249 3837 382 3899; x_wconf 89' lang='lat' dir='ltr'>Interea</span> <span class='ocrx_word' id='word_1_219' title='bbox 397 3835 526 3900; x_wconf 80' lang='lat' dir='ltr'>excedit</span> <span class='ocrx_word' id='word_1_220' title='bbox 541 3839 643 3913; x_wconf 88' lang='lat' dir='ltr'>caelo,</span> <span class='ocrx_word' id='word_1_221' title='bbox 662 3839 851 3921; x_wconf 91' lang='lat' dir='ltr'>nubemque</span> <span class='ocrx_word' id='word_1_222' title='bbox 867 3839 1030 3922; x_wconf 90' lang='lat' dir='ltr'>relinquit.</span> 
     </span>
    </p>
   </div>
   <div class='ocr_carea' id='block_1_3' title="bbox 0 0 1421 4282">
    <p class='ocr_par' dir='ltr' id='par_1_3' title="bbox 0 0 1421 4282">
     <span class='ocr_line' id='line_1_35' title="bbox 0 0 1421 4282; baseline 0 0"><span class='ocrx_word' id='word_1_223' title='bbox 0 0 1421 4282; x_wconf 95' lang='lat' dir='ltr'> </span> 
     </span>
    </p>
   </div>
  </div>
 </body>
</html>
