2822 4294
204 327 245 402 48
565 330 724 384 VERGILI
751 331 829 383 AEN
835 329 949 382 EIDOS

205 534 249 586 545
293 510 364 572 Nec
382 509 505 590 pietete
522 510 585 572 fuit
603 529 662 572 nec
680 509 768 572 belle
784 508 888 571 mitior
903 518 936 571 et
953 518 1062 571 armis.

291 613 400 695 Quem
418 624 445 675 si
462 615 531 676 feta
548 616 653 676 virum
672 623 814 688 servant,
834 623 860 676 si
875 615 1020 675 vescitur
1036 619 1117 675 aure

291 718 459 793 Aetheria,
479 739 586 799 neque
603 718 712 780 adhuc
730 718 920 780 crudelibus
938 717 1078 780 occubat
1095 717 1227 792 umbris

292 823 368 885 Nen
386 832 509 897 metus:
536 822 644 884 officio
660 843 721 884 nec
738 829 771 884 te
787 827 931 884 certesse
949 824 1092 903 prierem

290 927 471 989 Paeniteat.
521 926 606 990 Sunt
623 937 656 988 et
674 927 793 991 Siculis
810 925 1002 1007 regionibus
1018 926 1117 988 urbes

204 1057 248 1108 550
289 1032 457 1112 Arvaque,
476 1030 687 1112 Treienoque
704 1038 723 1092 ai
740 1030 904 1111 sanguine
921 1031 1029 1093 clarus
1047 1031 1196 1093 Acestes.

289 1135 489 1216 Quassatam
507 1145 614 1198 ventis
631 1136 727 1198 liceat
744 1136 928 1198 subducere
945 1135 1095 1209 classem,

276 1239 333 1301 ,Et
350 1240 440 1301 silvis
456 1247 571 1320 aptere
587 1240 698 1302 trabes
715 1249 748 1302 et
764 1242 927 1320 stringere
943 1246 1061 1314 remes

289 1344 325 1407 Si
342 1343 438 1405 datur
456 1329 595 1419 italiam,
614 1346 711 1407 sociis
728 1355 760 1408 et
777 1353 856 1425 rege
873 1353 1016 1425 recepte,

288 1447 450 1523 Tendere,
468 1457 504 1510 ut
522 1433 652 1511 italiam
670 1449 748 1511 laeti
766 1450 966 1530 Latiumque
984 1456 1154 1530 petemus;

202 1578 247 1630 555
290 1553 348 1616 Sin
366 1553 543 1633 absumpta
561 1553 659 1628 salus,
677 1564 710 1616 et
726 1561 768 1628 te,
788 1564 882 1634 pater
898 1553 1023 1634 optime
1041 1555 1205 1616 Teucrum

290 1657 414 1719 Pontus
431 1656 532 1720 habet
550 1657 690 1742 Libyae,¹
705 1677 766 1720 nec
784 1664 861 1738 spes
877 1658 943 1720 iam
959 1667 1063 1720 restat
1080 1657 1152 1732 Iuii,

288 1761 336 1822 At
352 1761 439 1823 freta
457 1762 608 1824 Sicaniae
626 1762 743 1823 saitem
760 1763 922 1843 sedesque
940 1768 1083 1843 parites,

289 1865 389 1929 Unde
407 1865 471 1927 huc
489 1866 627 1938 advecti,
645 1873 825 1947 regemque
843 1873 995 1946 petemus
1012 1866 1193 1929 Acesten.''

332 1954 469 2031 Talibus
488 1970 652 2045 Ilioneus;
678 1977 789 2032 cuncti
805 1968 903 2031 simul
919 1977 974 2032 ere
992 1969 1181 2033 fremebant

202 2086 248 2151 560
290 2073 513 2135 Dardanidae.

331 2178 418 2240 Tum
435 2176 579 2240 breviter
598 2178 695 2252 Dide,
712 2178 839 2240 vultum
857 2179 1010 2253 demissa,
1028 2179 1200 2258 profatur:

289 2281 444 2345 “Solvite
462 2281 560 2344 corde
577 2291 711 2357 metum,
730 2282 860 2357 Teucri,
879 2282 1039 2344 secludite
1056 2288 1162 2344 cures.

290 2387 357 2448 Res
375 2386 456 2448 dura
473 2395 506 2448 et
522 2393 617 2466 regni
632 2388 762 2449 novitas
780 2393 831 2447 me
848 2386 926 2448 talia
942 2394 1067 2467 cogunt

290 2491 409 2564 Moror,
427 2501 460 2553 et
477 2492 542 2553 late
559 2491 644 2552 fines
662 2491 799 2553 custode
815 2498 908 2552 tueri.

202 2609 247 2675 565
289 2595 373 2677 Quis
391 2615 497 2676 genus
515 2595 723 2670 Aeneadum,
742 2595 815 2677 quis
832 2594 951 2658 Troiae
967 2595 1095 2658 nesciat
1112 2596 1237 2670 urbem,

288 2701 503 2780 Virtutesque
519 2699 683 2781 virosque,
701 2709 757 2762 aut
774 2708 858 2762 tanti
873 2699 1025 2762 incendia
1042 2699 1120 2763 belii
1131 2699 1148 2770 ἓ,

288 2805 364 2866 Νόη
382 2803 501 2866 obtusa
518 2804 602 2866 aded
619 2811 790 2884 gestamus
808 2814 944 2885 pectora
963 2804 1073 2879 Poeni,

290 2909 361 2971 Nec
378 2917 444 2970 tam
463 2915 599 2971 eversus
617 2917 721 2990 equos
738 2907 840 2992 Tyria
858 2907 914 2971 Sol
931 2908 1037 2988 iungit
1055 2908 1097 2970 ab
1114 2909 1204 2972 urbe.

289 3014 355 3077 Seu
372 3020 431 3075 vos
450 3013 649 3094 Hesperiam
668 3021 823 3093 magnam
842 3013 1064 3094 Saturniaque
1080 3033 1169 3088 arva,

202 3144 248 3196 570
289 3119 366 3182 Sive
385 3120 501 3203 Erycis
519 3120 605 3181 fines
622 3126 801 3200 regemque
819 3117 940 3199 optetis
958 3117 1117 3193 Acesten,

288 3223 423 3286 Auxilio
438 3231 528 3286 tutes
545 3224 716 3298 dimittam,
735 3223 920 3305 opibusque
938 3221 1066 3283 iuvabo.

288 3328 398 3391 Vultis
414 3338 447 3392 et
464 3330 515 3390 his
531 3336 660 3390 mecum
679 3330 801 3408 pariter
817 3326 988 3389 considere
1005 3327 1140 3406 regnis?

289 3433 416 3497 Urbem
434 3454 533 3516 quam
552 3441 670 3506 statue,
688 3442 798 3494 vestra
815 3442 883 3506 est;
911 3430 1084 3493 subducite
1102 3437 1224 3506 neves;

289 3539 373 3601 Tros
389 3538 576 3621 Tyriusque
593 3537 672 3598 mihi
688 3537 779 3598 nullo
796 3536 984 3599 discrimine
1001 3542 1127 3615 agetur.

204 3668 248 3720 575
291 3641 404 3722 Atque
421 3641 545 3703 utinam
564 3648 620 3702 rex
637 3639 707 3720 ipse
727 3640 815 3702 Noto
832 3640 1023 3719 compulsus
1041 3639 1157 3702 eedem

290 3745 435 3806 Adioret
452 3744 605 3805 Aeneas!
655 3742 817 3823 Equidem
836 3763 894 3823 per
911 3743 1006 3805 litora
1022 3751 1131 3806 certes

293 3846 466 3909 Dimittam
484 3855 516 3907 et
535 3845 661 3929 Libyae
678 3845 817 3908 lustrere
834 3853 981 3909 extrema
998 3846 1128 3924 iubebo,
