2816 4282
218 273 281 338 274
577 265 733 317 veneni
759 265 955 318 Anunrnos

219 453 267 518 580
352 443 414 508 Cui
432 443 550 526 Liger:

308 553 326 579 “
339 548 415 610 Non
435 549 605 612 Diomedis
621 569 733 631 equos
750 569 812 612 nec
828 569 957 612 currum
975 552 1083 612 cernis
1100 549 1232 624 Achilli,

307 652 377 715 Aut
396 652 560 736 Phrygiae
577 674 730 734 campos;
754 674 841 717 nunc
857 654 933 716 belli
951 654 1024 716 finis
1040 664 1074 716 et
1090 654 1164 716 aevi

307 757 371 818 His
388 756 519 834 dabitur
536 757 661 819 terris.'’
709 758 842 820 Vesano
859 758 937 820 talia
954 758 1019 821 late

307 860 406 923 Dicta
423 862 534 924 volant
554 860 674 942 Ligeri.
724 862 788 926 Sed
806 881 871 924 non
890 871 922 924 et
939 862 1057 925 Troius
1076 863 1174 925 heros

218 975 263 1040 585
307 965 406 1028 Dicta
422 975 519 1047 parat
536 976 669 1042 contra;
693 967 834 1028 iaculum
852 987 928 1028 nam
944 976 1074 1047 torquet
1090 966 1124 1027 in
1142 967 1279 1038 hostem.

307 1070 463 1150 Lucagus
480 1079 515 1132 ut
534 1064 659 1151 pronus
676 1071 825 1151 pendens
842 1070 874 1132 in
891 1070 1028 1134 verbera
1043 1069 1109 1132 telo

303 1174 489 1237 Admonuit
505 1174 644 1256 biiugos
666 1175 811 1257 proiecto
827 1176 906 1237 dum
922 1175 1007 1256 pede
1023 1175 1117 1238 laevo

303 1278 411 1360 Aptat
428 1299 462 1342 se
480 1299 623 1360 pugnae,
644 1279 731 1342 subit
749 1299 822 1341 oras
839 1280 933 1341 hasta
950 1279 1107 1360 perimas

305 1383 478 1464 Fulgentis
495 1384 601 1465 clipei,
622 1394 691 1447 tum
710 1385 840 1446 laevum
858 1383 1003 1464 perforat
1018 1385 1165 1463 inguen;

147 1564 150 1571 A
216 1510 264 1560 590
305 1488 472 1550 Excussus
490 1508 587 1551 curru
608 1488 823 1551 moribundus
840 1487 980 1550 volvitur
996 1487 1091 1550 arvis.

347 1591 456 1673 Quem
474 1592 548 1674 pius
566 1592 701 1655 Aeneas
721 1592 817 1655 dictis
833 1592 966 1654 adfatur
982 1591 1120 1653 amaris:

303 1701 321 1726 ‘⁴
334 1697 479 1777 Lucage,
496 1698 588 1759 nulla
604 1706 679 1759 tuos
697 1717 811 1760 currus
828 1697 909 1776 fuga
925 1695 1036 1776 segnis
1052 1715 1212 1776 equorum

303 1799 457 1876 Prodidit,
475 1812 531 1864 aut
546 1821 653 1863 vanae
672 1811 800 1864 vertere
817 1821 856 1863 ex
873 1799 1021 1880 hostibus
1038 1799 1193 1874 umbrae3

303 1904 380 1984 lpse
397 1905 477 1967 rotis
493 1906 614 1968 saliens
631 1905 709 1985 iuga
728 1905 884 1968 deseris.’'
932 1905 1026 1966 Haec
1043 1903 1089 1965 ita
1105 1903 1196 1965 fatus

213 2029 258 2080 595
301 2007 452 2089 Arripuit
468 2009 616 2090 biiugos;
645 2011 749 2072 frater
765 2008 923 2072 tendebat
935 2008 1077 2097 inermes

302 2111 423 2173 Infelix
439 2114 577 2194 palmas
597 2134 694 2176 curru
711 2114 868 2194 delapsus
885 2113 1019 2176 eodem:

301 2215 391 2277 “Per
407 2225 449 2291 te,
468 2237 527 2298 per
545 2217 649 2298 quite
667 2218 766 2279 talem
784 2237 931 2298 genuere
948 2226 1111 2299 parentes,

298 2318 358 2380 Vir
370 2320 523 2395 Troiane,
536 2323 606 2384 sine
625 2322 711 2384 hanc
729 2320 884 2396 animam,
896 2331 929 2383 et
945 2320 1099 2383 miserere
1116 2318 1313 2401 precantis’'

299 2417 450 2480 Pluribus
466 2421 573 2482 oranti
592 2421 746 2484 Aeneas:
772 2421 904 2483 “Haud
921 2421 999 2483 talia
1016 2421 1140 2482 dudum

209 2528 257 2575 600
299 2521 398 2583 Dicta
415 2523 526 2585 dabas.
577 2525 718 2600 Morere,
738 2535 773 2588 et
788 2525 925 2588 fratrem
942 2545 983 2587 ne
1000 2525 1115 2587 desere
1133 2525 1268 2589 frater.'’

295 2624 392 2699 Tum,
410 2625 553 2689 latebras
570 2628 708 2703 animae,
728 2639 844 2710 pectus
861 2649 1017 2692 mucrone
1033 2629 1184 2692 recludit.

339 2727 433 2789 Talia
450 2749 509 2808 per
530 2751 666 2812 campos
687 2733 807 2796 edebat
824 2734 943 2796 funera
959 2733 1075 2795 ductor

197 2875 199 2879 .
297 2829 497 2907 Dardanius
515 2836 671 2900 torrentis
691 2859 798 2920 aquae
814 2840 866 2902 vel
882 2839 1022 2922 turbinis
1039 2839 1101 2901 atri

297 2930 391 2993 More
410 2934 532 2998 furens
583 2940 734 3010 Tandem
754 2953 933 3025 erumpunt
949 2953 983 3006 et
999 2952 1108 3006 castra
1125 2943 1315 3026 relinquunt

207 3035 253 3099 605
294 3031 461 3098 Ascanius
479 3059 561 3117 puer
577 3051 610 3103 et
627 3047 828 3127 nequiquam
846 3047 982 3110 obsessa
998 3048 1163 3109 iuventus

339 3135 501 3201 lunonem
516 3143 642 3206 interea
661 3151 839 3230 compellat
858 3151 1009 3232 luppiter
1025 3152 1131 3220 ultro:

295 3238 313 3264 “
325 3235 355 3296 Ο
372 3257 532 3316 germana
549 3247 629 3309 mihi
646 3259 744 3330 atque
761 3255 878 3316 eadem
896 3257 1084 3335 gratissima
1101 3257 1258 3331 coniunX,

294 3335 342 3396 Ut
358 3339 481 3416 rebare,
501 3347 617 3410 Venus
629 3387 673 3396 -
685 3373 746 3416 uec
762 3364 795 3418 te
812 3359 976 3420 sententia
993 3358 1078 3421 fallit
1090 3396 1134 3404 —

293 3435 453 3504 Troianas
471 3457 633 3513 sustentat
651 3474 741 3534 opeS,
759 3479 825 3520 non
842 3461 952 3523 vivida
968 3461 1056 3525 bello

205 3537 253 3587 610
294 3537 420 3602 Dextra
436 3545 513 3608 viris
532 3552 727 3636 animusque
745 3561 838 3623 ferox
855 3564 1054 3646 patiensque
1071 3567 1223 3647 pericli.''

293 3636 353 3698 Cui
365 3641 457 3751 'Iuno
474 3655 666 3718 summissa:
694 3665 711 3691 “
723 3662 822 3742 Quid,
840 3686 859 3727 o
877 3668 1100 3745 pulcherrime
1117 3672 1273 3748 coniunx,

292 3735 456 3804 Soll1citas
473 3767 605 3828 aegram
623 3768 657 3818 et
673 3768 729 3822 tua
746 3765 851 3828 tristia
868 3769 955 3832 dicta
972 3773 1172 3836 timentem?
1265 3779 1268 3784 ’
