2796 4282
487 266 603 319 einen
628 266 813 335 Quantus
1144 279 1204 343 119

183 444 339 508 Falcibus
355 454 390 508 et
407 465 540 509 messae
557 446 597 507 ad
616 446 746 508 Lunam
765 456 968 528 quaeruntur
980 446 1077 510 'aenis

181 550 348 613 Pubentes
366 549 494 612 herbae
510 551 596 630 nigri
613 570 688 613 cum
705 550 789 612 lacte
805 552 943 625 veneni;

105 681 127 730 5¹
134 681 145 730 5
183 653 364 735 Quaeritur
381 664 415 716 et
433 654 602 717 nascentis
618 655 696 737 equi
712 654 753 718 de
770 655 879 719 fronte
895 657 1046 719 revulsus

130 805 137 826 .
184 759 226 820 Et
242 758 342 821 matri
359 768 558 839 praereptus
575 778 676 821 amor.

184 862 262 943 Ipsa
279 863 369 925 mola
387 863 608 944 manibusque
625 862 687 944 piis
704 863 820 926 altaria
835 865 934 940 iuxta,

183 967 297 1030 Unum
315 976 417 1028 exuta
434 966 554 1047 pedem
570 967 695 1041 vinclis
713 968 746 1029 in
764 977 855 1032 veste
872 968 1026 1044 recincta,

182 1072 340 1134 Testatur
357 1072 516 1134 moritura
533 1070 612 1134 deos
630 1079 662 1133 et
679 1073 811 1134 conscia
828 1072 888 1134 lati

101 1200 143 1251 520
183 1175 320 1252 Sidera;
345 1185 425 1250 tum,
444 1173 472 1240 si
488 1175 577 1256 quo'd
593 1196 660 1237 non
678 1195 784 1257 aequo
802 1176 936 1240 loedere
953 1186 1103 1240 amantes

182 1278 291 1342 Curae
308 1299 433 1342 numen
450 1278 551 1342 habet
567 1280 757 1360 iustumque
774 1299 974 1362 memorque,
993 1290 1155 1361 precatur.

226 1384 303 1446 Nox
320 1393 400 1459 erat,
419 1392 452 1446 et
470 1383 635 1464 placidum
653 1383 834 1465 carpebant
852 1385 942 1448 lessa
958 1405 1111 1466 soporem

182 1488 333 1568 Corpora
350 1508 410 1569 per
425 1498 540 1563 terraS,
559 1488 726 1570 silvaeque
742 1498 775 1550 et
792 1509 891 1552 saeva
908 1488 1058 1569 quierant

181 1592 352 1674 Aequora,
368 1611 444 1654 cum
462 1592 571 1655 medio
586 1593 764 1655 volvuntur
780 1593 889 1656 sidera
905 1594 1010 1674 lapsu,

95 1721 140 1774 525
182 1697 267 1760 Cum
284 1705 374 1759 tacet
390 1697 498 1760 omnis
515 1717 604 1778 ager,
623 1697 768 1778 pecudes
786 1698 961 1778 pictaeque
978 1698 1137 1774 volucres,

181 1800 347 1882 Quaeque
363 1801 455 1864 lacus
472 1801 538 1863 late
554 1800 704 1882 liquidoS,
723 1821 874 1883 quaeque
891 1821 1010 1882 aspera
1026 1803 1133 1864 dumis

183 1905 276 1966 Rura
291 1913 417 1981 tenent,
436 1925 553 1968 somno
571 1905 698 1986 positae
715 1906 776 1968 sub
793 1915 889 1968 nocte
906 1905 1014 1968 silenti

181 2008 352 2072 Lenibant
368 2029 474 2085 curas,
492 2019 525 2072 et
541 2010 642 2072 corda
658 2008 759 2073 oblita
778 2010 935 2073 laborum.

179 2113 228 2175 At
245 2133 313 2175 non
330 2112 445 2175 infelix
462 2113 564 2176 animi
583 2114 773 2189 Phoenissa,
792 2134 853 2177 nec
871 2134 1027 2196 umquam

93 2243 138 2293 530
179 2216 330 2280 Solvitur
346 2216 379 2279 in
396 2236 540 2292 somnos
559 2218 704 2281 oculisve
721 2229 777 2280 aut
796 2227 929 2299 pectore
946 2229 1078 2282 noctem

178 2319 335 2402 Accipit;
360 2320 693 2402 ingeminanteurae,
711 2343 891 2405 rursusque
908 2343 1085 2404 resurgens

178 2425 296 2488 Saevit
311 2445 412 2501 amor,
430 2446 620 2509 magnoque
637 2427 758 2489 irarum
776 2427 913 2490 fluctuat
929 2437 1032 2490 aestu.

178 2529 236 2594 Sic
253 2529 338 2592 adeo
354 2529 484 2606 insistit,
503 2551 683 2612 secumque
700 2531 745 2594 ita
762 2527 861 2594 corde
878 2533 1022 2594 volutat:

224 2640 243 2666 “
255 2629 318 2709 En,
336 2634 415 2716 quid
432 2635 519 2715 ago?
544 2655 701 2698 rursusne
718 2655 837 2717 procos
853 2635 954 2698 inrisa
970 2636 1097 2717 priores

90 2764 134 2816 535
180 2737 353 2820 Experiar,
373 2738 630 2822 Nomadumque
648 2749 758 2821 petam
776 2740 917 2803 conubia
934 2742 1083 2821 supplex,

179 2842 274 2924 Quos
291 2861 355 2923 ego
372 2843 433 2904 sim
450 2843 572 2906 totiens
589 2846 656 2906 iarn
673 2844 854 2925 dedignata
872 2844 1029 2907 maritos?

179 2947 301 3009 Iliacas
317 2946 418 3028 igitur
434 2948 557 3010 classes
575 2958 674 3030 atque
692 2949 806 3010 ultima
823 2950 988 3011 Teucrum

180 3052 278 3114 Iussa
294 3052 438 3132 sequar?
461 3053 582 3134 quiane
599 3047 720 3114 au'xilio
736 3054 827 3115 iuvat
843 3064 920 3116 ante
937 3054 1072 3129 levatos,

180 3156 225 3218 Et
241 3154 327 3218 bene
343 3155 433 3237 apud
450 3176 612 3220 memores
628 3159 749 3220 veteris
766 3166 832 3220 stat
848 3159 954 3238 gratia
970 3157 1073 3220 lacti?

89 3287 135 3338 540
179 3259 264 3342 Quis
281 3279 333 3322 me
350 3270 471 3334 autem,
491 3262 545 3324 fae
561 3262 656 3337 velle,
675 3262 770 3337 sinet,
787 3262 955 3325 ratibusve
972 3262 1124 3343 superbis

179 3365 327 3426 Invisam
344 3366 507 3446 accipiet?
533 3365 640 3429 nescis
658 3367 732 3441 heu,
750 3368 887 3448 perdita,
907 3366 1047 3429 necdum

180 3469 452 3534 Laomedonteae
468 3473 570 3535 sentis
588 3471 731 3553 periuria
747 3473 880 3552 gentis?

177 3575 267 3657 Quid
285 3574 379 3638 tum?
404 3575 473 3638 sola
492 3577 572 3656 luga
590 3585 708 3638 nautas
725 3576 908 3639 comitabor
923 3574 1084 3638 ovantes?

177 3680 234 3742 An
251 3679 363 3764 Tyriis
380 3679 535 3760 omnique
553 3699 653 3741 manu
671 3681 793 3761 stipata
810 3699 956 3742 meorum

89 3811 132 3864 545
179 3784 320 3858 Inlerar,
340 3793 383 3858 et,
401 3804 484 3865 quos
502 3784 638 3846 Sidonia
655 3785 707 3846 vix
725 3784 805 3846 urbe
822 3783 943 3857 revelli,
