<?xml version="1.0" encoding="UTF-8"?>
<!DOCTYPE html PUBLIC "-//W3C//DTD XHTML 1.0 Transitional//EN"
    "http://www.w3.org/TR/xhtml1/DTD/xhtml1-transitional.dtd">
<html xmlns="http://www.w3.org/1999/xhtml" xml:lang="en" lang="en">
 <head>
  <title>
</title>
<meta http-equiv="Content-Type" content="text/html;charset=utf-8" />
  <meta name='ocr-system' content='tesseract 3.04.00' />
  <meta name='ocr-capabilities' content='ocr_page ocr_carea ocr_par ocr_line ocrx_word'/>
</head>
<body>
  <div class='ocr_page' id='page_1' title='image "./virgilsaeneidbo00denngoog_0268.png"; bbox 0 0 2800 4286; ppageno 0'>
   <div class='ocr_carea' id='block_1_1' title="bbox 508 307 1188 384">
    <p class='ocr_par' dir='ltr' id='par_1_1' title="bbox 508 307 1188 384">
     <span class='ocr_line' id='line_1_1' title="bbox 508 307 1188 384; baseline 0.01 -24"><span class='ocrx_word' id='word_1_1' title='bbox 508 307 623 361; x_wconf 77' lang='lat' dir='ltr'>risun</span> <span class='ocrx_word' id='word_1_2' title='bbox 650 308 781 362; x_wconf 83' lang='lat' dir='ltr'>nouus</span> <span class='ocrx_word' id='word_1_3' title='bbox 1132 318 1188 384; x_wconf 84' lang='lat'>251</span> 
     </span>
    </p>
   </div>
   <div class='ocr_carea' id='block_1_2' title="bbox 89 488 1264 3914">
    <p class='ocr_par' dir='ltr' id='par_1_2' title="bbox 89 488 1096 989">
     <span class='ocr_line' id='line_1_2' title="bbox 89 488 1096 572; baseline 0.008 -27"><span class='ocrx_word' id='word_1_4' title='bbox 89 497 127 563; x_wconf 79' lang='lat'>675</span> <span class='ocrx_word' id='word_1_5' title='bbox 165 488 308 565; x_wconf 83' lang='lat' dir='ltr'>Portam,</span> <span class='ocrx_word' id='word_1_6' title='bbox 328 509 424 572; x_wconf 89' lang='lat' dir='ltr'>quae</span> <span class='ocrx_word' id='word_1_7' title='bbox 442 488 538 551; x_wconf 94' lang='lat' dir='ltr'>ducis</span> <span class='ocrx_word' id='word_1_8' title='bbox 553 489 692 570; x_wconf 92' lang='lat' dir='ltr'>imperio</span> <span class='ocrx_word' id='word_1_9' title='bbox 709 490 894 564; x_wconf 90' lang='lat' dir='ltr'>commissa,</span> <span class='ocrx_word' id='word_1_10' title='bbox 912 489 1096 566; x_wconf 90' lang='lat' dir='ltr'>recludunt,</span> 
     </span>
     <span class='ocr_line' id='line_1_3' title="bbox 164 593 1069 674; baseline 0.003 -19"><span class='ocrx_word' id='word_1_11' title='bbox 164 593 252 656; x_wconf 90' lang='lat' dir='ltr'>Freti</span> <span class='ocrx_word' id='word_1_12' title='bbox 268 594 392 669; x_wconf 80' lang='lat' dir='ltr'>armiS,</span> <span class='ocrx_word' id='word_1_13' title='bbox 410 594 566 674; x_wconf 92' lang='lat' dir='ltr'>ultroque</span> <span class='ocrx_word' id='word_1_14' title='bbox 582 594 724 656; x_wconf 91' lang='lat' dir='ltr'>invitant</span> <span class='ocrx_word' id='word_1_15' title='bbox 740 593 914 656; x_wconf 91' lang='lat' dir='ltr'>moenibus</span> <span class='ocrx_word' id='word_1_16' title='bbox 930 595 1069 658; x_wconf 89' lang='lat' dir='ltr'><strong>hostem.</strong></span> 
     </span>
     <span class='ocr_line' id='line_1_4' title="bbox 164 697 1050 780; baseline 0.003 -21"><span class='ocrx_word' id='word_1_17' title='bbox 164 698 234 779; x_wconf 86' lang='lat' dir='ltr'>Ipsi</span> <span class='ocrx_word' id='word_1_18' title='bbox 249 699 347 761; x_wconf 91' lang='lat' dir='ltr'>intus</span> <span class='ocrx_word' id='word_1_19' title='bbox 365 698 487 761; x_wconf 87' lang='lat' dir='ltr'>dextra</span> <span class='ocrx_word' id='word_1_20' title='bbox 503 717 542 760; x_wconf 92' lang='lat' dir='ltr'>ac</span> <span class='ocrx_word' id='word_1_21' title='bbox 558 698 653 760; x_wconf 88' lang='lat' dir='ltr'>laeva</span> <span class='ocrx_word' id='word_1_22' title='bbox 670 717 730 780; x_wconf 93' lang='lat' dir='ltr'>pro</span> <span class='ocrx_word' id='word_1_23' title='bbox 746 697 892 761; x_wconf 92' lang='lat' dir='ltr'>turribus</span> <span class='ocrx_word' id='word_1_24' title='bbox 908 699 1050 774; x_wconf 85' lang='lat' dir='ltr'>adstant,</span> 
     </span>
     <span class='ocr_line' id='line_1_5' title="bbox 165 800 963 883; baseline 0.003 -19"><span class='ocrx_word' id='word_1_25' title='bbox 165 802 300 866; x_wconf 87' lang='lat' dir='ltr'>Armati</span> <span class='ocrx_word' id='word_1_26' title='bbox 317 803 414 866; x_wconf 84' lang='lat' dir='ltr'>ferro</span> <span class='ocrx_word' id='word_1_27' title='bbox 431 812 466 864; x_wconf 91' lang='lat' dir='ltr'>et</span> <span class='ocrx_word' id='word_1_28' title='bbox 482 800 590 865; x_wconf 90' lang='lat' dir='ltr'>cristis</span> <span class='ocrx_word' id='word_1_29' title='bbox 606 803 717 883; x_wconf 87' lang='lat' dir='ltr'>capita</span> <span class='ocrx_word' id='word_1_30' title='bbox 734 802 800 864; x_wconf 84' lang='lat' dir='ltr'>alta</span> <span class='ocrx_word' id='word_1_31' title='bbox 816 803 963 866; x_wconf 88' lang='lat' dir='ltr'>corusci:</span> 
     </span>
     <span class='ocr_line' id='line_1_6' title="bbox 166 905 909 989; baseline 0 -19"><span class='ocrx_word' id='word_1_32' title='bbox 166 906 295 989; x_wconf 86' lang='lat' dir='ltr'>Quales</span> <span class='ocrx_word' id='word_1_33' title='bbox 313 907 429 969; x_wconf 73' lang='lat' dir='ltr'>aeriae</span> <span class='ocrx_word' id='word_1_34' title='bbox 447 905 607 989; x_wconf 86' lang='lat' dir='ltr'>liquentia</span> <span class='ocrx_word' id='word_1_35' title='bbox 624 905 760 969; x_wconf 90' lang='lat' dir='ltr'>flumina</span> <span class='ocrx_word' id='word_1_36' title='bbox 777 909 909 984; x_wconf 89' lang='lat' dir='ltr'>circum,</span> 
     </span>
    </p>

    <p class='ocr_par' dir='ltr' id='par_1_3' title="bbox 89 1011 1067 1514">
     <span class='ocr_line' id='line_1_7' title="bbox 89 1011 1067 1096; baseline 0.003 -24"><span class='ocrx_word' id='word_1_37' title='bbox 89 1022 129 1072; x_wconf 80' lang='lat'>680</span> <span class='ocrx_word' id='word_1_38' title='bbox 167 1011 245 1076; x_wconf 87' lang='lat' dir='ltr'>Sive</span> <span class='ocrx_word' id='word_1_39' title='bbox 264 1014 350 1076; x_wconf 90' lang='lat' dir='ltr'>Padi</span> <span class='ocrx_word' id='word_1_40' title='bbox 368 1012 461 1094; x_wconf 88' lang='lat' dir='ltr'>ripis,</span> <span class='ocrx_word' id='word_1_41' title='bbox 479 1011 635 1074; x_wconf 86' lang='lat' dir='ltr'>Athesim</span> <span class='ocrx_word' id='word_1_42' title='bbox 653 1033 711 1077; x_wconf 92' lang='lat' dir='ltr'>seu</span> <span class='ocrx_word' id='word_1_43' title='bbox 729 1023 865 1096; x_wconf 89' lang='lat' dir='ltr'>propter</span> <span class='ocrx_word' id='word_1_44' title='bbox 881 1033 1067 1089; x_wconf 87' lang='lat' dir='ltr'>amoenum,</span> 
     </span>
     <span class='ocr_line' id='line_1_8' title="bbox 168 1117 1047 1201; baseline -0.002 -20"><span class='ocrx_word' id='word_1_45' title='bbox 168 1117 393 1199; x_wconf 87' lang='lat' dir='ltr'>Consurgunt</span> <span class='ocrx_word' id='word_1_46' title='bbox 410 1117 566 1197; x_wconf 88' lang='lat' dir='ltr'>geminae</span> <span class='ocrx_word' id='word_1_47' title='bbox 582 1137 724 1199; x_wconf 91' lang='lat' dir='ltr'>quercus</span> <span class='ocrx_word' id='word_1_48' title='bbox 740 1120 939 1201; x_wconf 90' lang='lat' dir='ltr'>intonsaque</span> <span class='ocrx_word' id='word_1_49' title='bbox 955 1117 1047 1181; x_wconf 87' lang='lat' dir='ltr'>caelo</span> 
     </span>
     <span class='ocr_line' id='line_1_9' title="bbox 169 1221 956 1302; baseline 0 -18"><span class='ocrx_word' id='word_1_50' title='bbox 169 1222 344 1284; x_wconf 89' lang='lat' dir='ltr'>Attollunt</span> <span class='ocrx_word' id='word_1_51' title='bbox 361 1221 473 1302; x_wconf 88' lang='lat' dir='ltr'>capita</span> <span class='ocrx_word' id='word_1_52' title='bbox 489 1229 523 1284; x_wconf 89' lang='lat' dir='ltr'>et</span> <span class='ocrx_word' id='word_1_53' title='bbox 539 1221 672 1284; x_wconf 89' lang='lat' dir='ltr'>sublimi</span> <span class='ocrx_word' id='word_1_54' title='bbox 687 1223 811 1285; x_wconf 89' lang='lat' dir='ltr'>vertice</span> <span class='ocrx_word' id='word_1_55' title='bbox 827 1232 956 1286; x_wconf 89' lang='lat' dir='ltr'>nutant.</span> 
     </span>
     <span class='ocr_line' id='line_1_10' title="bbox 172 1326 1001 1409; baseline 0.001 -21"><span class='ocrx_word' id='word_1_56' title='bbox 172 1326 381 1408; x_wconf 90' lang='lat' dir='ltr'>Inrumpunt</span> <span class='ocrx_word' id='word_1_57' title='bbox 398 1327 507 1389; x_wconf 91' lang='lat' dir='ltr'>aditus</span> <span class='ocrx_word' id='word_1_58' title='bbox 526 1327 642 1389; x_wconf 87' lang='lat' dir='ltr'>Rutuli</span> <span class='ocrx_word' id='word_1_59' title='bbox 658 1337 695 1390; x_wconf 93' lang='lat' dir='ltr'>ut</span> <span class='ocrx_word' id='word_1_60' title='bbox 710 1327 821 1391; x_wconf 90' lang='lat' dir='ltr'>videre</span> <span class='ocrx_word' id='word_1_61' title='bbox 839 1336 1001 1409; x_wconf 85' lang='lat' dir='ltr'>patentes</span> 
     </span>
     <span class='ocr_line' id='line_1_11' title="bbox 173 1430 1061 1514; baseline 0 -20"><span class='ocrx_word' id='word_1_62' title='bbox 173 1430 344 1494; x_wconf 92' lang='lat' dir='ltr'>Continuo</span> <span class='ocrx_word' id='word_1_63' title='bbox 362 1431 537 1512; x_wconf 85' lang='lat' dir='ltr'>Quercens</span> <span class='ocrx_word' id='word_1_64' title='bbox 554 1441 589 1494; x_wconf 91' lang='lat' dir='ltr'>et</span> <span class='ocrx_word' id='word_1_65' title='bbox 605 1431 744 1513; x_wconf 89' lang='lat' dir='ltr'>pulcher</span> <span class='ocrx_word' id='word_1_66' title='bbox 760 1432 945 1514; x_wconf 88' lang='lat' dir='ltr'>Aquicolus</span> <span class='ocrx_word' id='word_1_67' title='bbox 962 1432 1061 1494; x_wconf 88' lang='lat' dir='ltr'>armis</span> 
     </span>
    </p>

    <p class='ocr_par' dir='ltr' id='par_1_4' title="bbox 93 1535 1106 1721">
     <span class='ocr_line' id='line_1_12' title="bbox 93 1535 1106 1617; baseline 0.006 -26"><span class='ocrx_word' id='word_1_68' title='bbox 93 1541 135 1608; x_wconf 80' lang='lat'>⁶85</span> <span class='ocrx_word' id='word_1_69' title='bbox 177 1535 220 1597; x_wconf 90' lang='lat' dir='ltr'>Et</span> <span class='ocrx_word' id='word_1_70' title='bbox 236 1555 404 1617; x_wconf 88' lang='lat' dir='ltr'>praeceps</span> <span class='ocrx_word' id='word_1_71' title='bbox 420 1535 523 1598; x_wconf 89' lang='lat' dir='ltr'>animi</span> <span class='ocrx_word' id='word_1_72' title='bbox 538 1537 681 1600; x_wconf 90' lang='lat' dir='ltr'>Tmarus</span> <span class='ocrx_word' id='word_1_73' title='bbox 697 1545 731 1600; x_wconf 91' lang='lat' dir='ltr'>et</span> <span class='ocrx_word' id='word_1_74' title='bbox 749 1537 933 1599; x_wconf 87' lang='lat' dir='ltr'>Mavortius</span> <span class='ocrx_word' id='word_1_75' title='bbox 952 1535 1106 1600; x_wconf 88' lang='lat' dir='ltr'>Haemon</span> 
     </span>
     <span class='ocr_line' id='line_1_13' title="bbox 174 1639 907 1721; baseline 0.003 -20"><span class='ocrx_word' id='word_1_76' title='bbox 174 1639 382 1720; x_wconf 83' lang='lat' dir='ltr'>Agminibus</span> <span class='ocrx_word' id='word_1_77' title='bbox 398 1639 475 1703; x_wconf 92' lang='lat' dir='ltr'>totis</span> <span class='ocrx_word' id='word_1_78' title='bbox 491 1649 549 1703; x_wconf 91' lang='lat' dir='ltr'>aut</span> <span class='ocrx_word' id='word_1_79' title='bbox 563 1641 650 1704; x_wconf 89' lang='lat' dir='ltr'>versi</span> <span class='ocrx_word' id='word_1_80' title='bbox 666 1650 760 1721; x_wconf 86' lang='lat' dir='ltr'>terga</span> <span class='ocrx_word' id='word_1_81' title='bbox 776 1642 907 1717; x_wconf 87' lang='lat' dir='ltr'>dedere,</span> 
     </span>
    </p>

    <p class='ocr_par' dir='ltr' id='par_1_5' title="bbox 175 1743 1054 2035">
     <span class='ocr_line' id='line_1_14' title="bbox 175 1743 935 1826; baseline 0.003 -20"><span class='ocrx_word' id='word_1_82' title='bbox 175 1743 246 1806; x_wconf 89' lang='lat' dir='ltr'>Aut</span> <span class='ocrx_word' id='word_1_83' title='bbox 262 1743 338 1826; x_wconf 93' lang='lat' dir='ltr'>ipso</span> <span class='ocrx_word' id='word_1_84' title='bbox 355 1753 471 1826; x_wconf 90' lang='lat' dir='ltr'>portae</span> <span class='ocrx_word' id='word_1_85' title='bbox 489 1765 631 1824; x_wconf 90' lang='lat' dir='ltr'>posuere</span> <span class='ocrx_word' id='word_1_86' title='bbox 647 1745 680 1807; x_wconf 89' lang='lat' dir='ltr'>in</span> <span class='ocrx_word' id='word_1_87' title='bbox 697 1745 809 1808; x_wconf 92' lang='lat' dir='ltr'>limine</span> <span class='ocrx_word' id='word_1_88' title='bbox 825 1745 935 1808; x_wconf 89' lang='lat' dir='ltr'>vitam.</span> 
     </span>
     <span class='ocr_line' id='line_1_15' title="bbox 177 1844 1054 1930; baseline 0.002 -21"><span class='ocrx_word' id='word_1_89' title='bbox 177 1849 262 1910; x_wconf 93' lang='lat' dir='ltr'>Tum</span> <span class='ocrx_word' id='word_1_90' title='bbox 278 1844 391 1930; x_wconf 84' lang='lat' dir='ltr'>magis</span> <span class='ocrx_word' id='word_1_91' title='bbox 406 1848 595 1912; x_wconf 89' lang='lat' dir='ltr'>increscunt</span> <span class='ocrx_word' id='word_1_92' title='bbox 611 1850 730 1912; x_wconf 89' lang='lat' dir='ltr'>animis</span> <span class='ocrx_word' id='word_1_93' title='bbox 747 1849 952 1913; x_wconf 90' lang='lat' dir='ltr'>discordibus</span> <span class='ocrx_word' id='word_1_94' title='bbox 967 1851 1054 1926; x_wconf 85' lang='lat' dir='ltr'>irae;</span> 
     </span>
     <span class='ocr_line' id='line_1_16' title="bbox 180 1952 959 2035; baseline 0.004 -22"><span class='ocrx_word' id='word_1_95' title='bbox 180 1952 303 2014; x_wconf 89' lang='lat' dir='ltr'>Etiam</span> <span class='ocrx_word' id='word_1_96' title='bbox 322 1952 452 2015; x_wconf 87' lang='lat' dir='ltr'>collecti</span> <span class='ocrx_word' id='word_1_97' title='bbox 468 1954 573 2016; x_wconf 89' lang='lat' dir='ltr'>Troes</span> <span class='ocrx_word' id='word_1_98' title='bbox 590 1955 816 2035; x_wconf 86' lang='lat' dir='ltr'>glomerantur</span> <span class='ocrx_word' id='word_1_99' title='bbox 832 1954 959 2029; x_wconf 90' lang='lat' dir='ltr'>eodem,</span> 
     </span>
    </p>

    <p class='ocr_par' dir='ltr' id='par_1_6' title="bbox 98 2056 1104 2348">
     <span class='ocr_line' id='line_1_17' title="bbox 98 2056 1104 2139; baseline 0.003 -22"><span class='ocrx_word' id='word_1_100' title='bbox 98 2065 141 2128; x_wconf 86' lang='lat'>690</span> <span class='ocrx_word' id='word_1_101' title='bbox 180 2056 223 2118; x_wconf 89' lang='lat' dir='ltr'>Et</span> <span class='ocrx_word' id='word_1_102' title='bbox 237 2057 393 2120; x_wconf 82' lang='lat' dir='ltr'>conferre</span> <span class='ocrx_word' id='word_1_103' title='bbox 410 2071 545 2120; x_wconf 87' lang='lat' dir='ltr'>manum</span> <span class='ocrx_word' id='word_1_104' title='bbox 562 2068 595 2121; x_wconf 91' lang='lat' dir='ltr'>et</span> <span class='ocrx_word' id='word_1_105' title='bbox 613 2077 805 2139; x_wconf 88' lang='lat' dir='ltr'>procurrere</span> <span class='ocrx_word' id='word_1_106' title='bbox 823 2057 955 2139; x_wconf 84' lang='lat' dir='ltr'>longius</span> <span class='ocrx_word' id='word_1_107' title='bbox 971 2058 1104 2121; x_wconf 89' lang='lat' dir='ltr'>audent.</span> 
     </span>
     <span class='ocr_line' id='line_1_18' title="bbox 221 2161 955 2244; baseline 0.004 -22"><span class='ocrx_word' id='word_1_108' title='bbox 221 2161 364 2244; x_wconf 84' lang='lat' dir='ltr'>Ductori</span> <span class='ocrx_word' id='word_1_109' title='bbox 380 2161 504 2237; x_wconf 91' lang='lat' dir='ltr'>Turn0,</span> <span class='ocrx_word' id='word_1_110' title='bbox 523 2162 654 2225; x_wconf 89' lang='lat' dir='ltr'>diversa</span> <span class='ocrx_word' id='word_1_111' title='bbox 670 2161 703 2224; x_wconf 93' lang='lat' dir='ltr'>in</span> <span class='ocrx_word' id='word_1_112' title='bbox 721 2172 815 2243; x_wconf 89' lang='lat' dir='ltr'>parte</span> <span class='ocrx_word' id='word_1_113' title='bbox 832 2162 955 2225; x_wconf 80' lang='lat' dir='ltr'>furenti</span> 
     </span>
     <span class='ocr_line' id='line_1_19' title="bbox 178 2264 1015 2348; baseline 0.004 -22"><span class='ocrx_word' id='word_1_114' title='bbox 178 2264 408 2347; x_wconf 91' lang='lat' dir='ltr'>Turbantique</span> <span class='ocrx_word' id='word_1_115' title='bbox 424 2267 522 2341; x_wconf 88' lang='lat' dir='ltr'>viros,</span> <span class='ocrx_word' id='word_1_116' title='bbox 541 2267 707 2348; x_wconf 82' lang='lat' dir='ltr'>perfertur</span> <span class='ocrx_word' id='word_1_117' title='bbox 723 2267 869 2343; x_wconf 89' lang='lat' dir='ltr'>nuntius,</span> <span class='ocrx_word' id='word_1_118' title='bbox 886 2267 1015 2329; x_wconf 88' lang='lat' dir='ltr'>hostem</span> 
     </span>
    </p>

    <p class='ocr_par' dir='ltr' id='par_1_7' title="bbox 179 2370 1091 2557">
     <span class='ocr_line' id='line_1_20' title="bbox 179 2370 1091 2453; baseline 0.002 -22"><span class='ocrx_word' id='word_1_119' title='bbox 179 2370 323 2432; x_wconf 90' lang='lat' dir='ltr'>Fervere</span> <span class='ocrx_word' id='word_1_120' title='bbox 339 2370 441 2434; x_wconf 86' lang='lat' dir='ltr'>caede</span> <span class='ocrx_word' id='word_1_121' title='bbox 458 2391 553 2446; x_wconf 92' lang='lat' dir='ltr'>nova,</span> <span class='ocrx_word' id='word_1_122' title='bbox 571 2381 604 2434; x_wconf 89' lang='lat' dir='ltr'>et</span> <span class='ocrx_word' id='word_1_123' title='bbox 621 2381 733 2452; x_wconf 88' lang='lat' dir='ltr'>portas</span> <span class='ocrx_word' id='word_1_124' title='bbox 750 2371 911 2453; x_wconf 89' lang='lat' dir='ltr'>praebere</span> <span class='ocrx_word' id='word_1_125' title='bbox 928 2381 1091 2452; x_wconf 88' lang='lat' dir='ltr'>patentes.</span> 
     </span>
     <span class='ocr_line' id='line_1_21' title="bbox 180 2473 1009 2557; baseline 0.002 -22"><span class='ocrx_word' id='word_1_126' title='bbox 180 2473 313 2536; x_wconf 89' lang='lat' dir='ltr'>Deserit</span> <span class='ocrx_word' id='word_1_127' title='bbox 329 2474 510 2555; x_wconf 91' lang='lat' dir='ltr'>inceptum,</span> <span class='ocrx_word' id='word_1_128' title='bbox 529 2484 629 2557; x_wconf 89' lang='lat' dir='ltr'>atque</span> <span class='ocrx_word' id='word_1_129' title='bbox 645 2476 781 2538; x_wconf 90' lang='lat' dir='ltr'>immani</span> <span class='ocrx_word' id='word_1_130' title='bbox 797 2475 945 2538; x_wconf 88' lang='lat' dir='ltr'>concitus</span> <span class='ocrx_word' id='word_1_131' title='bbox 961 2476 1009 2537; x_wconf 90' lang='lat' dir='ltr'>ira</span> 
     </span>
    </p>

    <p class='ocr_par' dir='ltr' id='par_1_8' title="bbox 100 2563 1111 3078">
     <span class='ocr_line' id='line_1_22' title="bbox 100 2563 1100 2662; baseline 0.003 -23"><span class='ocrx_word' id='word_1_132' title='bbox 100 2585 141 2650; x_wconf 83' lang='lat'>⁶95</span> <span class='ocrx_word' id='word_1_133' title='bbox 181 2577 388 2640; x_wconf 86' lang='lat' dir='ltr'>Dardaniam</span> <span class='ocrx_word' id='word_1_134' title='bbox 404 2577 468 2640; x_wconf 92' lang='lat' dir='ltr'>ruit</span> <span class='ocrx_word' id='word_1_135' title='bbox 485 2579 526 2641; x_wconf 92' lang='lat' dir='ltr'>ad</span> <span class='ocrx_word' id='word_1_136' title='bbox 544 2589 673 2661; x_wconf 87' lang='lat' dir='ltr'>portam</span> <span class='ocrx_word' id='word_1_137' title='bbox 691 2580 879 2662; x_wconf 82' lang='lat' dir='ltr'>fratresque</span> <span class='ocrx_word' id='word_1_138' title='bbox 896 2579 1066 2661; x_wconf 88' lang='lat' dir='ltr'>superbos.</span> <span class='ocrx_word' id='word_1_139' title='bbox 1085 2563 1100 2588; x_wconf 74' lang='lat'><em>⁰</em></span> 
     </span>
     <span class='ocr_line' id='line_1_23' title="bbox 180 2681 1111 2765; baseline 0.001 -22"><span class='ocrx_word' id='word_1_140' title='bbox 180 2682 221 2744; x_wconf 89' lang='lat' dir='ltr'>Et</span> <span class='ocrx_word' id='word_1_141' title='bbox 238 2681 382 2763; x_wconf 90' lang='lat' dir='ltr'>primum</span> <span class='ocrx_word' id='word_1_142' title='bbox 400 2682 619 2764; x_wconf 87' lang='lat' dir='ltr'>Antiphaten,</span> <span class='ocrx_word' id='word_1_143' title='bbox 637 2683 665 2746; x_wconf 90' lang='lat' dir='ltr'>is</span> <span class='ocrx_word' id='word_1_144' title='bbox 681 2685 768 2745; x_wconf 93' lang='lat' dir='ltr'>enim</span> <span class='ocrx_word' id='word_1_145' title='bbox 787 2703 821 2746; x_wconf 90' lang='lat' dir='ltr'>se</span> <span class='ocrx_word' id='word_1_146' title='bbox 838 2684 964 2765; x_wconf 90' lang='lat' dir='ltr'>primus</span> <span class='ocrx_word' id='word_1_147' title='bbox 980 2683 1111 2764; x_wconf 86' lang='lat' dir='ltr'>agebat,</span> 
     </span>
     <span class='ocr_line' id='line_1_24' title="bbox 177 2786 981 2870; baseline 0.004 -23"><span class='ocrx_word' id='word_1_148' title='bbox 177 2786 340 2848; x_wconf 89' lang='lat' dir='ltr'>Thebana</span> <span class='ocrx_word' id='word_1_149' title='bbox 356 2786 398 2848; x_wconf 91' lang='lat' dir='ltr'>de</span> <span class='ocrx_word' id='word_1_150' title='bbox 415 2796 519 2849; x_wconf 87' lang='lat' dir='ltr'>matre</span> <span class='ocrx_word' id='word_1_151' title='bbox 536 2788 677 2849; x_wconf 90' lang='lat' dir='ltr'>nothum</span> <span class='ocrx_word' id='word_1_152' title='bbox 694 2788 898 2870; x_wconf 91' lang='lat' dir='ltr'>Sarpedonis</span> <span class='ocrx_word' id='word_1_153' title='bbox 914 2787 981 2863; x_wconf 91' lang='lat' dir='ltr'>alti,</span> 
     </span>
     <span class='ocr_line' id='line_1_25' title="bbox 178 2890 967 2968; baseline 0.001 -14"><span class='ocrx_word' id='word_1_154' title='bbox 178 2890 337 2954; x_wconf 89' lang='lat' dir='ltr'>Coniecto</span> <span class='ocrx_word' id='word_1_155' title='bbox 354 2891 471 2953; x_wconf 91' lang='lat' dir='ltr'>sternit</span> <span class='ocrx_word' id='word_1_156' title='bbox 487 2891 613 2968; x_wconf 87' lang='lat' dir='ltr'>iaculo;</span> <span class='ocrx_word' id='word_1_157' title='bbox 637 2893 727 2956; x_wconf 89' lang='lat' dir='ltr'>volat</span> <span class='ocrx_word' id='word_1_158' title='bbox 745 2893 831 2955; x_wconf 88' lang='lat' dir='ltr'>Itala</span> <span class='ocrx_word' id='word_1_159' title='bbox 846 2912 967 2955; x_wconf 90' lang='lat' dir='ltr'>cornus</span> 
     </span>
     <span class='ocr_line' id='line_1_26' title="bbox 179 2994 1093 3078; baseline 0.001 -23"><span class='ocrx_word' id='word_1_160' title='bbox 179 2994 269 3056; x_wconf 78' lang='lat' dir='ltr'>Aera</span> <span class='ocrx_word' id='word_1_161' title='bbox 286 3015 346 3075; x_wconf 93' lang='lat' dir='ltr'>per</span> <span class='ocrx_word' id='word_1_162' title='bbox 361 3004 523 3072; x_wconf 90' lang='lat' dir='ltr'>tenerum,</span> <span class='ocrx_word' id='word_1_163' title='bbox 543 2998 781 3078; x_wconf 88' lang='lat' dir='ltr'>stomachoque</span> <span class='ocrx_word' id='word_1_164' title='bbox 798 2996 897 3058; x_wconf 85' lang='lat' dir='ltr'>infixa</span> <span class='ocrx_word' id='word_1_165' title='bbox 914 2994 975 3058; x_wconf 90' lang='lat' dir='ltr'>sub</span> <span class='ocrx_word' id='word_1_166' title='bbox 991 2995 1093 3058; x_wconf 91' lang='lat' dir='ltr'>altum</span> 
     </span>
    </p>

    <p class='ocr_par' dir='ltr' id='par_1_9' title="bbox 102 3099 1264 3494">
     <span class='ocr_line' id='line_1_27' title="bbox 102 3099 1050 3182; baseline 0.002 -24"><span class='ocrx_word' id='word_1_167' title='bbox 102 3121 141 3167; x_wconf 88' lang='lat'>700</span> <span class='ocrx_word' id='word_1_168' title='bbox 179 3099 295 3162; x_wconf 90' lang='lat' dir='ltr'>Pectus</span> <span class='ocrx_word' id='word_1_169' title='bbox 312 3099 400 3175; x_wconf 90' lang='lat' dir='ltr'>abit;</span> <span class='ocrx_word' id='word_1_170' title='bbox 426 3099 534 3164; x_wconf 89' lang='lat' dir='ltr'>reddit</span> <span class='ocrx_word' id='word_1_171' title='bbox 551 3121 671 3182; x_wconf 86' lang='lat' dir='ltr'>specus</span> <span class='ocrx_word' id='word_1_172' title='bbox 688 3102 750 3164; x_wconf 90' lang='lat' dir='ltr'>atri</span> <span class='ocrx_word' id='word_1_173' title='bbox 765 3100 911 3164; x_wconf 88' lang='lat' dir='ltr'>vulneris</span> <span class='ocrx_word' id='word_1_174' title='bbox 928 3099 1050 3162; x_wconf 89' lang='lat' dir='ltr'>undam</span> 
     </span>
     <span class='ocr_line' id='line_1_28' title="bbox 179 3202 1069 3288; baseline -0.001 -22"><span class='ocrx_word' id='word_1_175' title='bbox 179 3202 407 3285; x_wconf 89' lang='lat' dir='ltr'>Spumantem,</span> <span class='ocrx_word' id='word_1_176' title='bbox 425 3214 457 3268; x_wconf 91' lang='lat' dir='ltr'>et</span> <span class='ocrx_word' id='word_1_177' title='bbox 474 3205 537 3268; x_wconf 87' lang='lat' dir='ltr'>fixo</span> <span class='ocrx_word' id='word_1_178' title='bbox 554 3207 678 3269; x_wconf 84' lang='lat' dir='ltr'>ferrum</span> <span class='ocrx_word' id='word_1_179' title='bbox 695 3206 728 3267; x_wconf 93' lang='lat' dir='ltr'>in</span> <span class='ocrx_word' id='word_1_180' title='bbox 747 3206 903 3288; x_wconf 90' lang='lat' dir='ltr'>pulmone</span> <span class='ocrx_word' id='word_1_181' title='bbox 920 3204 1069 3285; x_wconf 85' lang='lat' dir='ltr'>tepescit.</span> 
     </span>
     <span class='ocr_line' id='line_1_29' title="bbox 177 3307 1264 3394; baseline 0 -25"><span class='ocrx_word' id='word_1_182' title='bbox 177 3307 261 3370; x_wconf 92' lang='lat' dir='ltr'>Tum</span> <span class='ocrx_word' id='word_1_183' title='bbox 293 3309 466 3390; x_wconf 88' lang='lat' dir='ltr'>Meropem</span> <span class='ocrx_word' id='word_1_184' title='bbox 495 3319 594 3392; x_wconf 89' lang='lat' dir='ltr'>atque</span> <span class='ocrx_word' id='word_1_185' title='bbox 624 3311 809 3394; x_wconf 89' lang='lat' dir='ltr'>Erymanta</span> <span class='ocrx_word' id='word_1_186' title='bbox 840 3329 950 3384; x_wconf 91' lang='lat' dir='ltr'>manu,</span> <span class='ocrx_word' id='word_1_187' title='bbox 975 3318 1044 3371; x_wconf 93' lang='lat' dir='ltr'>tum</span> <span class='ocrx_word' id='word_1_188' title='bbox 1077 3310 1193 3370; x_wconf 91' lang='lat' dir='ltr'>sternit</span> <span class='ocrx_word' id='word_1_189' title='bbox 1259 3359 1264 3368; x_wconf 89' lang='lat'><em>.</em></span> 
     </span>
     <span class='ocr_line' id='line_1_30' title="bbox 174 3412 481 3494; baseline 0.01 -21"><span class='ocrx_word' id='word_1_190' title='bbox 174 3413 177 3418; x_wconf 82' lang='lat'>&#39;</span> <span class='ocrx_word' id='word_1_191' title='bbox 263 3412 481 3494; x_wconf 90' lang='lat' dir='ltr'>Aphidnum;</span> 
     </span>
    </p>

    <p class='ocr_par' dir='ltr' id='par_1_10' title="bbox 177 3516 1190 3704">
     <span class='ocr_line' id='line_1_31' title="bbox 177 3516 1125 3600; baseline 0.001 -22"><span class='ocrx_word' id='word_1_192' title='bbox 177 3516 263 3578; x_wconf 90' lang='lat' dir='ltr'>Tum</span> <span class='ocrx_word' id='word_1_193' title='bbox 281 3517 391 3580; x_wconf 90' lang='lat' dir='ltr'>Bitian</span> <span class='ocrx_word' id='word_1_194' title='bbox 409 3519 579 3582; x_wconf 84' lang='lat' dir='ltr'>ardentem</span> <span class='ocrx_word' id='word_1_195' title='bbox 597 3520 700 3582; x_wconf 91' lang='lat' dir='ltr'>oculis</span> <span class='ocrx_word' id='word_1_196' title='bbox 716 3519 902 3600; x_wconf 91' lang='lat' dir='ltr'>animisque</span> <span class='ocrx_word' id='word_1_197' title='bbox 918 3519 1125 3590; x_wconf 81' lang='lat' dir='ltr'>frementem,</span> 
     </span>
     <span class='ocr_line' id='line_1_32' title="bbox 179 3620 1190 3704; baseline 0.002 -22"><span class='ocrx_word' id='word_1_198' title='bbox 179 3620 255 3683; x_wconf 89' lang='lat' dir='ltr'>Non</span> <span class='ocrx_word' id='word_1_199' title='bbox 272 3620 380 3684; x_wconf 86' lang='lat' dir='ltr'>iaculo</span> <span class='ocrx_word' id='word_1_200' title='bbox 391 3641 552 3704; x_wconf 87' lang='lat' dir='ltr'>-neque</span> <span class='ocrx_word' id='word_1_201' title='bbox 568 3625 656 3687; x_wconf 90' lang='lat' dir='ltr'>enim</span> <span class='ocrx_word' id='word_1_202' title='bbox 673 3623 779 3687; x_wconf 91' lang='lat' dir='ltr'>iaculo</span> <span class='ocrx_word' id='word_1_203' title='bbox 795 3626 896 3686; x_wconf 87' lang='lat' dir='ltr'>vitam</span> <span class='ocrx_word' id='word_1_204' title='bbox 913 3623 968 3686; x_wconf 92' lang='lat' dir='ltr'>ille</span> <span class='ocrx_word' id='word_1_205' title='bbox 984 3622 1130 3686; x_wconf 90' lang='lat' dir='ltr'>dedisset</span> <span class='ocrx_word' id='word_1_206' title='bbox 1140 3658 1190 3692; x_wconf 85' lang='lat'>-‚</span> 
     </span>
    </p>

    <p class='ocr_par' dir='ltr' id='par_1_11' title="bbox 101 3725 1050 3810">
     <span class='ocr_line' id='line_1_33' title="bbox 101 3725 1050 3810; baseline 0.002 -22"><span class='ocrx_word' id='word_1_207' title='bbox 101 3743 140 3798; x_wconf 82' lang='lat'>705</span> <span class='ocrx_word' id='word_1_208' title='bbox 179 3725 246 3788; x_wconf 91' lang='lat' dir='ltr'>Sed</span> <span class='ocrx_word' id='word_1_209' title='bbox 263 3745 422 3805; x_wconf 86' lang='lat' dir='ltr'>magnum</span> <span class='ocrx_word' id='word_1_210' title='bbox 439 3726 582 3790; x_wconf 89' lang='lat' dir='ltr'>stridens</span> <span class='ocrx_word' id='word_1_211' title='bbox 597 3737 747 3791; x_wconf 91' lang='lat' dir='ltr'>contorta</span> <span class='ocrx_word' id='word_1_212' title='bbox 765 3727 934 3810; x_wconf 89' lang='lat' dir='ltr'>phalarica</span> <span class='ocrx_word' id='word_1_213' title='bbox 949 3727 1050 3802; x_wconf 89' lang='lat' dir='ltr'>venit,</span> 
     </span>
    </p>

    <p class='ocr_par' dir='ltr' id='par_1_12' title="bbox 178 3828 1085 3914">
     <span class='ocr_line' id='line_1_34' title="bbox 178 3828 1085 3914; baseline 0.001 -24"><span class='ocrx_word' id='word_1_214' title='bbox 178 3828 340 3892; x_wconf 90' lang='lat' dir='ltr'>Fulminis</span> <span class='ocrx_word' id='word_1_215' title='bbox 357 3839 431 3892; x_wconf 91' lang='lat' dir='ltr'>acta</span> <span class='ocrx_word' id='word_1_216' title='bbox 448 3831 555 3906; x_wconf 88' lang='lat' dir='ltr'>modo,</span> <span class='ocrx_word' id='word_1_217' title='bbox 573 3851 671 3914; x_wconf 93' lang='lat' dir='ltr'>quam</span> <span class='ocrx_word' id='word_1_218' title='bbox 689 3852 750 3895; x_wconf 88' lang='lat' dir='ltr'>nec</span> <span class='ocrx_word' id='word_1_219' title='bbox 767 3833 833 3893; x_wconf 92' lang='lat' dir='ltr'>duo</span> <span class='ocrx_word' id='word_1_220' title='bbox 850 3841 965 3893; x_wconf 87' lang='lat' dir='ltr'>taurea</span> <span class='ocrx_word' id='word_1_221' title='bbox 981 3839 1085 3910; x_wconf 86' lang='lat' dir='ltr'>terga,</span> 
     </span>
    </p>
   </div>
   <div class='ocr_carea' id='block_1_3' title="bbox 0 0 1404 4286">
    <p class='ocr_par' dir='ltr' id='par_1_13' title="bbox 0 0 1404 4286">
     <span class='ocr_line' id='line_1_35' title="bbox 0 0 1404 4286; baseline 0 0"><span class='ocrx_word' id='word_1_222' title='bbox 0 0 1404 4286; x_wconf 95' lang='lat' dir='ltr'> </span> 
     </span>
    </p>
   </div>
  </div>
 </body>
</html>
