2796 4282
491 289 606 341 LIBER
634 288 806 356 Qurnrus
1136 297 1192 360 143

170 468 250 532 Esse
267 469 319 532 sui
337 468 481 531 dederat
497 476 749 530 monumentum
767 476 800 530 et
817 467 939 548 pignus
956 465 1084 529 amoris.

170 573 287 637 Cetera
304 571 492 635 Trinacriis
510 571 615 654 pubes
633 570 771 634 senioris
788 570 935 633 Acestae

171 678 288 739 Fertur
305 678 413 759 equis.

87 801 134 853 575
212 780 398 863 Excipiunt
415 781 535 862 plausu
552 781 699 862 pavidos,
717 780 932 861 gaudentque
948 789 1080 843 tuentes

172 885 399 960 Dardanidae,
416 895 634 966 veterumque
652 885 860 965 adgnoscunt
878 904 935 946 ora
951 894 1136 968 parentum.

171 991 351 1074 Postquam
369 1009 504 1052 omnem
520 989 599 1051 laeti
615 1009 809 1052 consessum
828 989 1008 1070 oculosque
1025 1009 1159 1051 suorum

173 1095 376 1157 Lustravere
393 1095 428 1155 in
444 1093 547 1176 equis
566 1094 698 1174 signum
716 1093 860 1156 clamore
878 1091 1003 1174 paratis

173 1199 337 1283 Epytides
354 1198 455 1280 longe
471 1198 562 1270 dedit
579 1198 791 1280 insonuitque
808 1197 949 1278 flagello.

88 1310 136 1372 580
213 1303 282 1367 Olli
299 1303 487 1366 discurrere
504 1323 610 1383 pares,
629 1313 728 1384 atque
746 1302 880 1383 agmina
897 1303 982 1364 terni

172 1408 328 1471 Diductis
345 1408 475 1470 solvere
491 1407 608 1483 choriS,
626 1426 806 1488 rursusque
822 1405 931 1469 vocati

171 1512 378 1576 Convertere
393 1511 464 1574 vias
481 1510 670 1593 infestaque
688 1511 753 1574 tela
770 1510 884 1572 tulere.

173 1616 256 1678 Inde
273 1617 358 1679 alios
375 1615 492 1678 ineunt
508 1635 625 1678 cursus
642 1615 790 1697 aliosque
806 1634 960 1678 recursus

170 1720 317 1784 Adversi
334 1719 461 1801 spatiis,
480 1720 691 1802 alternosque
709 1719 844 1782 orbibus
860 1717 956 1782 orbes

89 1831 131 1895 585
171 1824 376 1906 Impediunt,
396 1844 596 1905 pugnaeque
613 1824 702 1887 cient
720 1823 896 1886 simulacra
914 1822 976 1885 sub
993 1823 1110 1898 armis余

171 1929 215 1991 Et
231 1949 322 1992 nunc
339 1938 435 2009 terga
452 1928 535 2009 fuga
551 1928 689 2004 nudant,
707 1948 796 1990 nunc
814 1927 941 2008 spicula
957 1936 1090 1990 vertunt

172 2034 314 2108 Infensi,
332 2033 423 2096 facta
440 2035 562 2113 pariter
579 2053 668 2095 nunc
684 2052 768 2114 pace
786 2032 946 2094 teruntur.

171 2139 220 2202 Ut
236 2138 407 2219 quondam
425 2137 523 2200 Creta
541 2137 646 2199 fertur
664 2135 891 2220 Labyrinthus
907 2135 939 2197 in
957 2135 1024 2198 alta

172 2241 359 2304 Parietibus
375 2251 501 2304 textum
519 2243 626 2304 caecis
643 2241 714 2316 iter,
733 2239 978 2323 ancipitemque

88 2363 132 2416 590
172 2346 266 2410 Mille
283 2346 345 2408 viis
362 2345 518 2408 habuisse
534 2346 656 2420 dolum,
675 2365 741 2428 qua
759 2344 855 2426 signa
872 2344 1032 2426 sequendi

172 2451 319 2513 Falleret
335 2449 557 2530 indeprensus
574 2459 608 2512 et
623 2448 847 2513 inremeabilis
865 2469 971 2511 error:

55 2606 58 2611 .
173 2555 277 2616 Haud
293 2555 359 2617 alio
375 2555 541 2617 Teucrum
560 2555 627 2616 nati
644 2555 786 2635 vestigia
804 2574 901 2616 cursu

172 2658 375 2740 impediunt,
395 2668 575 2741 texuntque
593 2659 693 2740 fugas
710 2669 743 2722 et
759 2658 884 2740 proelia
901 2658 987 2733 ludo,

173 2763 383 2846 Delphinum
401 2763 533 2839 similes,
552 2765 608 2846 qui
625 2783 684 2844 per
701 2764 805 2824 maria
822 2764 934 2825 umida
950 2763 1061 2824 nando

87 2886 130 2939 595
171 2867 391 2950 Carpathium
428 2867 656 2953 Libycumque
689 2877 803 2932 secant
836 2867 1021 2948 luduntque
1053 2886 1111 2948 per
1135 2887 1189 2928 un-

259 2973 329 3035 das.

173 3077 277 3140 Hunc
294 3097 419 3140 morem
437 3097 553 3141 cursus
569 3088 668 3161 atque
684 3079 767 3141 haec
785 3075 966 3140 certamina
984 3077 1109 3156 primus

171 3181 352 3258 Ascanius
373 3182 526 3263 Longam
545 3183 647 3245 muris
663 3202 738 3245 curn
756 3183 903 3263 cingeret
920 3179 1054 3254 Albam,

173 3285 317 3348 Rettulit
333 3295 367 3348 et
386 3286 514 3349 Priscos
531 3287 642 3349 docuit
659 3286 826 3350 celebrare
845 3285 993 3359 Latinos,

174 3389 250 3470 Quo
268 3410 350 3472 puer
367 3390 439 3471 ipse
456 3391 563 3465 modo,
581 3410 692 3454 secum
711 3411 775 3472 quo
792 3391 893 3452 Tro'ra
910 3388 1034 3470 pubes余

88 3499 134 3548 600
173 3493 299 3557 Albani
317 3494 459 3557 docuere
478 3515 573 3570 suos余
599 3495 676 3556 hinc
693 3493 836 3555 maxima
854 3513 952 3574 porro

173 3598 318 3680 Accepit
338 3599 455 3674 Roma,
474 3609 505 3662 et
524 3598 665 3680 patrium
684 3597 826 3660 servavit
843 3598 1021 3671 honorem余

173 3703 341 3785 Troiaque
358 3723 457 3776 nunc,
473 3703 566 3783 pueri
584 3704 765 3765 Troianum
783 3699 901 3763 dicitur
918 3720 1048 3781 agmen.

174 3809 251 3870 Hac
267 3805 436 3870 celebrata
453 3816 550 3869 tenus
567 3815 683 3870 sancto
700 3805 881 3872 certamina
900 3804 994 3884 patri.
