2800 4286
175 221 238 282 218

172 3639 220 3700 380

532 224 690 276 VERGILI
716 224 913 277 AENEIDOS

262 409 281 436 “
293 403 369 466 Hoc
385 423 513 478 nemus,
530 403 619 465 hunc
631 404 648 426 ''
666 402 771 484 inquit
788 403 975 465 “frondoso
991 401 1115 465 vertice
1132 402 1283 475 collem,

260 507 399 590 —Quis
417 508 500 570 deus
519 507 681 570 incertum
700 506 940 570 est—habitat
958 507 1058 583 deus;
1086 507 1257 569 Arcades

346 613 457 694 ipsum

260 717 411 782 Credunt
426 736 461 778 se
477 716 599 778 vidisse
617 717 743 791 Iovem,
757 735 832 778 cum
848 736 949 797 saepe
965 715 1156 796 nigrantem

259 821 394 903 Aegida
409 829 602 884 concuteret
618 821 742 894 dextra,
760 820 955 901 nimbosque
971 820 1082 882 cieret.

263 927 360 989 Haec
375 925 442 988 duo
458 935 631 1006 praeterea
646 924 791 986 disiectis
808 924 930 1004 oppida
947 924 1057 1000 muris,

261 1029 432 1112 Reliquias
448 1040 664 1110 veterumque
680 1028 773 1092 vides
789 1038 1003 1090 monumenta
1017 1029 1174 1091 virorum.

260 1135 360 1196 Hanc
379 1135 481 1196 Ianus
498 1143 602 1214 pater,
620 1134 706 1194 hanc
724 1133 887 1196 Saturnus
903 1133 1049 1196 condidit
1065 1153 1195 1210 arcem;

259 1239 445 1300 Ianiculum
462 1237 547 1313 huic,
564 1237 611 1298 illi
627 1237 737 1299 iuerat
753 1237 908 1300 Saturnia
924 1237 1076 1299 nomen.'’

258 1343 396 1405 Talibus
412 1344 498 1404 inter
514 1357 549 1404 se
566 1341 663 1404 dictis
678 1342 720 1404 ad
737 1351 825 1404 tecta
841 1341 996 1404 subibant

259 1447 418 1527 Pauperis
436 1446 594 1520 Euandri,
612 1446 803 1528 passimque
819 1455 968 1508 armenta
984 1446 1144 1510 videbant

259 1553 479 1632 Romanoque
495 1551 569 1613 foro
584 1560 619 1612 et
635 1550 732 1612 lautis
749 1552 876 1631 mugire
888 1550 1030 1614 ‘Carinis

257 1657 307 1720 Ut
322 1665 458 1718 ventum
475 1655 518 1717 ad
533 1655 649 1717 sedes:
675 1661 692 1686 “
705 1655 827 1718 Haec''
844 1655 950 1737 inquit
967 1655 1110 1717 “limina
1126 1655 1228 1718 victor

256 1759 395 1822 Alcides
412 1759 521 1835 subiit,
539 1759 729 1822 baccillum
746 1759 838 1840 regia
854 1759 950 1840 cepit.

256 1863 366 1938 Ande,
385 1864 517 1945 hospes
536 1872 749 1926 contemnere
765 1883 856 1945 opes
874 1872 907 1926 et
921 1873 954 1926 te
971 1883 1102 1944 quoque
1119 1863 1257 1944 dignum

258 1968 365 2048 Finge
382 1968 445 2030 deo
462 1968 628 2049 rebusque
644 1968 721 2030 veni
736 1989 803 2030 non
819 1987 917 2048 asper
932 1968 1077 2048 egenis''

259 2072 360 2148 Dixit,
377 2082 410 2135 et
423 2073 558 2153 angusti
574 2072 687 2134 subter
703 2072 838 2152 fastigia
853 2071 931 2134 tecti

259 2177 435 2257 Ingentem
451 2177 594 2239 Aenean
611 2176 711 2251 duxit,
729 2177 904 2257 stratisque
921 2176 1041 2238 locavit

258 2280 423 2343 Effultum
440 2281 529 2343 foliis
545 2289 578 2343 et
594 2280 681 2361 pelle
706 2280 887 2364 Libystidis
904 2300 1008 2343 ursae.

301 2489 377 2551 Nox
393 2489 466 2564 ruit,
484 2498 518 2552 et
534 2490 637 2552 luscis
654 2489 805 2551 tellurem
824 2489 1032 2569 amplectitur
1048 2489 1116 2552 alis.

257 2593 306 2654 At
322 2593 440 2655 Venus
456 2592 545 2655 haud
562 2594 673 2655 animo
690 2593 889 2674 nequiquam
906 2593 1060 2655 exterrita
1077 2603 1191 2667 mater,

259 2697 530 2778 Laurentumque
547 2697 645 2760 minis
660 2707 694 2760 et
710 2698 793 2759 duro
810 2707 899 2759 mota
914 2697 1065 2773 tumultu,

257 2800 444 2862 Vulcanum
461 2801 659 2883 adloquitur,
678 2802 890 2883 thalamoque
906 2803 988 2864 haec
1005 2801 1154 2882 coniugis
1171 2821 1271 2864 aureo

259 2904 390 2986 Incipit,
408 2914 442 2967 et
457 2905 553 2968 dietis
570 2906 719 2968 divinum
735 2906 883 2987 adspIrat
899 2927 1064 2970 amorem:

258 3009 375 3070 “Dum
392 3009 480 3072 bello
497 2999 648 3090 Argolici
663 3010 839 3073 vastabant
857 3012 1018 3092 Pergama
1033 3031 1131 3092 reges

258 3112 382 3176 Debita
397 3134 598 3195 casurasque
614 3115 754 3177 inimicis
771 3115 902 3195 ignibus
919 3135 1020 3191 arces

260 3217 335 3278 Non
353 3218 456 3279 ullum
473 3216 628 3279 auxilium
647 3219 783 3293 miseris,
802 3240 865 3282 non
883 3239 974 3281 arma
991 3218 1105 3300 rogavi
1190 3245 1191 3248 ¹

258 3319 352 3382 Artis
368 3320 507 3402 opisque
523 3330 618 3397 tuae;
644 3341 705 3384 nec
722 3332 763 3397 te,
782 3323 949 3386 carissime
966 3323 1116 3397 coniunx,

259 3424 475 3487 Incassumve
491 3435 565 3488 tuos
581 3426 669 3488 volui
685 3446 838 3489 exercere
854 3427 992 3503 labores,

259 3526 419 3607 Quamvis
435 3538 469 3590 et
485 3528 606 3590 Priami
622 3529 776 3592 deberem
794 3530 941 3611 plurima.
951 3531 1045 3606 natis,

261 3630 304 3691 Et
320 3630 440 3692 durum
456 3632 594 3694 Aeneae
612 3633 776 3696 flevissem
794 3655 894 3716 saepe
912 3636 1066 3699 laborem.

260 3734 359 3794 Nunc
378 3734 466 3796 Iovis
482 3735 627 3816 imperiis
647 3739 845 3801 Rutulorum
862 3741 1009 3803 constitit
1025 3741 1089 3802 oris
1099 3760 1106 3816 ;
