2822 4294
207 267 249 330 62
572 270 729 324 VERGlLl
756 271 955 326 AENElDOS

295 451 495 534 Corripiunt,
514 461 677 534 spirisque
695 450 799 534 ligant
815 451 1026 533 ingentibus;
1052 464 1085 518 et
1100 454 1164 518 iam

296 555 353 619 Bis
368 556 514 619 medium
531 556 682 638 amplexi,
701 554 751 617 bis
767 556 853 619 collo
869 564 1028 638 squamea
1044 558 1165 622 circum

294 661 405 742 Terga
420 661 499 734 dati,
517 669 677 742 superant
693 659 802 740 capite
818 671 851 723 et
869 661 1052 724 cervicibus
1069 663 1152 725 altis.

207 791 254 827 220
299 765 359 827 Ille
376 765 473 826 simul
491 763 643 826 manibus
660 763 767 826 tendit
784 764 939 827 divellere
956 767 1070 841 nodas,

296 870 455 933 Periasus
468 868 559 931 sanie
576 868 675 931 vittas
691 875 829 950 atroque
846 877 985 945 venena,

295 974 465 1038 Clamores
482 973 576 1036 simul
596 973 778 1035 horrendas
796 974 838 1036 ad
854 974 962 1037 sidera
978 975 1074 1049 tollit,

294 1078 411 1159 Qualis
428 1084 582 1159 magitus,
603 1078 690 1159 fugit
707 1098 781 1140 cum
799 1078 931 1141 saucius
947 1086 1036 1141 aram

294 1183 424 1245 Taurus
441 1192 473 1245 et
489 1182 648 1244 incertam
668 1182 812 1244 excussit
829 1192 955 1246 cervice
972 1184 1121 1246 secarim.

207 1310 252 1364 225
295 1285 343 1348 At
358 1286 483 1367 gemini
498 1286 593 1369 lapsa
612 1285 750 1348 delubra
766 1286 808 1348 ad
825 1307 954 1349 summa
975 1287 1135 1350 dracones

295 1391 472 1472 Effugiunt
489 1411 674 1473 saevaeque
691 1401 809 1474 petunt
825 1391 1004 1454 Tritonidis
1020 1412 1140 1467 arcem,

294 1494 363 1558 Sub
380 1496 588 1578 pedibusque
605 1497 688 1559 deae
703 1495 867 1578 clipeique
884 1496 945 1559 sub
961 1495 1041 1559 orbe
1057 1506 1222 1577 teguntur.

253 1613 258 1622 ·
294 1600 380 1663 Tum
397 1608 476 1663 varo
492 1602 691 1664 tremefacta
708 1622 814 1664 novus
831 1621 891 1682 per
907 1610 1042 1682 pectora
1058 1608 1185 1663 canetis

293 1688 446 1766 insinuat
463 1722 575 1784 pavor,
594 1711 627 1765 et
643 1702 752 1764 scelus
769 1701 967 1782 expendisse
984 1710 1167 1763 merentem

207 1834 253 1884 230
296 1807 488 1869 Laocoonta
506 1806 628 1882 ierunt,
646 1826 777 1868 sacrum
795 1815 850 1887 qui
867 1805 1005 1887 cuspide
1022 1805 1121 1867 robur

296 1911 446 1973 Laeserit
461 1919 494 1972 et
511 1916 606 1991 tergo
623 1910 817 1973 sceleratam
835 1908 1002 1972 intorserit
1019 1909 1158 1972 hastam.

294 2015 493 2076 Ducendum
510 2014 552 2076 ad
570 2013 666 2076 sedes
682 2014 894 2076 simulacrum
911 2013 1102 2094 orandaque
1119 2013 1213 2076 divae

295 2118 442 2181 Numina
460 2119 677 2181 conclamant.

340 2221 526 2285 Dividimus
543 2229 655 2284 maros
671 2231 704 2284 et
721 2221 851 2284 moenia
867 2222 1044 2303 pandimus
1060 2221 1159 2287 urbis.

206 2353 252 2404 ²35
294 2327 486 2408 Accingunt
504 2334 620 2389 omneis
637 2336 737 2408 operi,
756 2326 962 2408 pedibusque
980 2334 1124 2390 rotarum

294 2431 466 2496 Subiciunt
482 2431 605 2514 lapsas
623 2441 655 2493 et
672 2440 814 2511 stuppea
830 2431 961 2492 vincula
978 2431 1062 2493 colla

294 2536 487 2598 Intendunt.
536 2534 673 2599 Scandit
691 2534 802 2597 fatalis
819 2535 973 2598 machina
990 2541 1110 2608 marim,

293 2641 376 2702 Feta
393 2649 501 2702 armis
551 2640 648 2702 Pueri
664 2641 786 2702 circum
803 2640 1029 2721 inmiptaeque
1046 2639 1176 2721 puellae

294 2744 396 2808 Sacra
412 2753 545 2820 canunt,
563 2744 747 2825 limemque
765 2751 864 2805 mana
883 2745 1074 2824 contingere
1091 2743 1247 2824 gaudent.

206 2873 252 2920 240
294 2849 355 2910 llla
372 2848 469 2924 subit,
488 2847 683 2930 mediaeque
700 2848 831 2910 minans
847 2847 1002 2910 inlabitur
1019 2847 1099 2909 urbi.

293 2937 323 3015 D
342 2953 457 3034 patria,
474 2961 494 3016 ὀ
510 2952 621 3014 divum
639 2952 757 3015 domus
774 2935 882 3027 ilium,
900 2961 934 3014 et
950 2951 1073 3015 incluta
1088 2950 1176 3014 bello

295 3057 428 3119 Moenia
448 3056 699 3119 Dardanidum!
725 3066 842 3139 quater
858 3057 931 3138 ipso
947 3056 980 3118 in
998 3055 1108 3118 limine
1125 3065 1243 3138 portae

293 3160 455 3236 Substitit,
474 3172 573 3245 atque
591 3170 684 3225 utero
702 3165 846 3226 sonitum
864 3172 980 3245 quater
997 3181 1088 3225 arma
1104 3159 1245 3233 dedere3

292 3249 461 3329 instamus
477 3276 587 3330 tamen
605 3267 814 3332 immemoras
831 3277 987 3349 caecique
1004 3266 1124 3339 furore,

206 3392 251 3444 ²45
294 3369 337 3430 Et
353 3376 535 3432 monstrum
554 3372 667 3434 infelix
685 3379 812 3434 sacrata
829 3371 975 3434 sistimus
992 3390 1074 3432 arce.

292 3472 387 3536 Tunc
404 3475 503 3536 etiam
521 3475 598 3538 fatis
614 3476 721 3558 aperit
741 3476 929 3541 Cassandra
945 3476 1067 3538 furaris

293 3561 371 3653 Dra,
388 3578 441 3640 dei
457 3577 548 3642 iussa
566 3587 632 3642 nan
651 3600 806 3662 umquam
824 3581 949 3642 credita
965 3580 1110 3641 Teucris.

294 3681 366 3742 Nas
383 3681 519 3743 delubra
536 3681 635 3744 deum
652 3682 771 3757 miseri,
790 3683 909 3766 quibus
926 3683 1060 3746 ultimus
1076 3690 1164 3744 esset

296 3783 356 3846 llle
373 3783 452 3858 dies,
470 3785 557 3846 fasta
573 3785 722 3846 velamus
738 3786 856 3850 fronde
874 3805 932 3868 per
949 3786 1073 3849 urbem.
