2822 4294
531 334 642 386 LlBER
669 332 813 384 PRIMUS

172 510 208 574 Si
226 510 362 592 quibus
382 513 520 576 eiectus
537 512 625 574 silvis
641 521 698 573 aut
715 509 850 573 urbibus
866 511 984 574 errat.''

218 615 289 678 His
308 616 478 679 animum
495 623 613 678 arrecti
629 615 724 678 dictis
741 625 774 677 et
787 614 881 678 lortis
898 615 1048 677 Achates

90 731 131 797 580
174 719 219 782 Et
237 729 345 802 pater
366 703 516 784 Aeneas
531 719 722 782 iamdudum
740 726 913 800 erumpere
929 717 1051 782 nubem

173 810 383 888 Ardebant.
437 825 529 887 Prior
546 825 686 886 Aenean
705 823 884 904 compellat
900 823 1067 886 Achates:

220 935 239 960 “
255 930 357 992 Nate
378 930 456 1004 dea,
474 948 559 1010 quae
576 947 664 990 nunc
681 927 792 989 animr‘)
809 925 972 990 sententia
990 926 1117 1007 surgit?

175 1033 312 1097 Omnia
331 1042 415 1098 tuta
430 1033 533 1108 vides,
551 1033 692 1094 classem
711 1031 883 1112 sociusque
900 1037 1060 1112 receptes.

177 1123 285 1202 Unus
304 1139 422 1212 abest,
442 1137 549 1200 medis)
565 1136 597 1198 in
617 1135 719 1198 fluctu
737 1155 835 1217 quem
852 1134 993 1196 vidimus
1010 1135 1073 1215 ipsi

93 1253 136 1318 585
179 1241 452 1318 Summersum;
482 1241 576 1304 dictis
595 1241 798 1321 respondent
815 1246 924 1302 cetera
941 1239 1085 1302 matris.”

225 1347 298 1410 Vix
319 1368 364 1410 ea
383 1347 474 1409 fatus
490 1355 569 1422 erat,
588 1365 662 1408 cum
682 1345 882 1408 circumfusa
899 1354 1036 1425 repente

182 1451 327 1515 Scindit
345 1459 382 1514 se
399 1451 505 1512 nubes
521 1459 554 1512 et
570 1451 603 1511 in
622 1449 757 1512 aethera
775 1459 895 1530 purgat
912 1457 1074 1530 apertum.

185 1556 335 1618 Restitit
350 1556 488 1618 Aeneas
505 1554 659 1636 claraque
676 1555 709 1614 in
728 1553 801 1616 luce
817 1553 955 1627 refulsit,

185 1645 239 1722 Qs
258 1667 467 1740 umerbsque
484 1658 547 1721 def)
563 1657 697 1732 similis;
722 1677 865 1740 namque
883 1657 954 1738 ipsa
971 1657 1123 1720 decdram

101 1789 145 1838 590
187 1763 391 1827 Caesariem
410 1769 488 1824 nate
505 1772 653 1843 genetrix
671 1763 850 1844 lumenque
868 1761 1022 1824 iuventae

189 1869 410 1950 Purpureum
428 1876 461 1930 et
477 1868 581 1929 laetds
598 1867 702 1930 oculis
720 1865 858 1928 adflarat
875 1866 1068 1928 honines-—

192 1972 310 2054 Quale
328 1979 448 2034 manus
466 1971 591 2032 addunt
609 1971 701 2034 ebori
719 1971 830 2044 decus
849 1980 905 2032 aut
922 1970 976 2032 ubi
994 1969 1080 2032 flavr')

192 2079 392 2159 Argentum
412 2077 567 2144 Pariusve
584 2075 669 2156 lapis
686 2075 908 2138 circumdatur
924 2081 1012 2137 aurs).

194 2182 287 2244 Tum
306 2191 351 2244 sic
370 2187 517 2261 reginam
537 2179 734 2262 adloquitur,
753 2186 947 2260 cunctisque
964 2189 1102 2260 repente

110 2311 153 2362 595
197 2286 411 2367 Imprdvtsus
427 2284 491 2346 ait:
518 2291 535 2316 “
547 2285 677 2358 Claram,
696 2303 794 2366 quem
811 2282 977 2366 quaeritis
996 2283 1123 2358 adsum,

197 2391 321 2452 Trbtus
339 2388 484 2464 Aeneas,
504 2388 638 2473 Libyeis
655 2396 789 2470 ereptus
806 2389 848 2450 ab
865 2388 970 2450 undis

199 2481 233 2558 O
251 2494 320 2556 sbla
337 2493 493 2555 infandas
510 2493 629 2556 Trbiae
646 2492 800 2556 miserata
818 2492 956 2567 labbres

200 2599 299 2680 Quae
315 2605 385 2672 ηδε,
403 2597 557 2679 reliquias
578 2597 743 2672 Danaum,
761 2607 934 2679 terraeque
951 2597 1116 2678 marisque

201 2702 369 2766 Omnibus
385 2702 563 2764 exhaustbs
581 2701 644 2763 iam
662 2701 803 2777 casibus,
821 2703 968 2764 omnium
984 2708 1109 2782 egentis

113 2818 159 2869 600
203 2807 297 2871 Urbe
314 2806 413 2868 domd
428 2805 544 2880 socias
563 2811 673 2886 grates
691 2806 880 2888 persolvere
897 2806 1015 2887 dignas

203 2911 280 2974 Nr‘m
298 2910 371 2992 opis
387 2920 438 2973 est
454 2919 596 2985 nostrae,
617 2910 713 2985 Dida,
732 2930 792 2972 nec
810 2909 970 2992 quidquid
987 2909 1108 2992 ubique
1125 2919 1175 2972 est

203 3015 320 3078 Gentis
339 3013 539 3087 Dardaniae,
558 3020 716 3094 magnum
734 3033 819 3095 quae
837 3034 953 3095 sparsa
971 3033 1030 3095 per
1046 3013 1169 3075 orbem.

204 3121 249 3181 Di
265 3118 332 3193 tibi,
352 3127 461 3199 siqua
478 3117 550 3200 pibs
568 3129 759 3199 respectant
775 3118 921 3193 numina,
940 3118 1061 3199 siquid

203 3209 355 3304 Usquam
372 3221 496 3285 iustitia
514 3231 564 3284 est
581 3232 613 3284 et
630 3229 724 3284 mens
741 3223 802 3284 sibi
820 3221 951 3285 cbnscia
968 3229 1057 3296 recti,

116 3341 160 3406 605
204 3327 354 3389 Praemia
370 3326 472 3406 digna
489 3327 607 3388 ferant.
656 3325 752 3408 Quae
768 3334 801 3388 te
818 3336 885 3388 tam
903 3307 990 3388 laeta
1006 3325 1151 3388 tulerunt

204 3430 368 3495 Saecula?
392 3439 448 3512 qui
464 3439 549 3492 tanti
565 3430 665 3492 talem
682 3437 827 3511 genuere
845 3429 1022 3512 parentes?

204 3536 243 3598 In
263 3535 348 3598 ireta
365 3534 443 3596 dum
461 3533 551 3596 fluvii
567 3544 709 3608 current,
727 3534 805 3596 dum
823 3533 991 3597 montibus
1008 3535 1145 3597 umbrae

205 3639 412 3702 Lustrabunt
429 3658 584 3713 convexa,
604 3639 700 3719 polus
717 3638 795 3701 dum
813 3638 921 3702 sidera
938 3646 1061 3720 pascet,

205 3745 345 3826 Semper
368 3744 473 3806 honds
494 3750 681 3824 numenque
705 3752 798 3805 tuum
824 3742 1005 3823 laudesque
1025 3743 1217 3814 manebunt,

121 3864 163 3914 tro
206 3848 302 3932 Quae
319 3855 530 3930 mecumque
548 3857 669 3910 vocant
685 3846 825 3909 terrae.'’
889 3847 942 3908 Sic
960 3846 1058 3918 fatus,
1077 3853 1218 3906 amicum

289 3960 405 4008 raiaza's
416 3969 519 4005 nauum
528 3972 581 4018 -4
