2800 4286
561 307 718 360 VERGlLl
746 309 823 359 AEN
829 308 944 360 ElDOS

293 489 418 554 Omnia
433 488 610 570 pervolitat
627 488 692 550 late
709 487 790 561 loca,
807 487 939 569 iamque
955 486 1017 549 sub
1034 507 1135 550 auras

294 593 443 675 Erigitur
458 591 645 674 summique
661 591 738 654 ferit
755 591 923 673 laquearia
937 593 1025 654 tecti.

294 699 369 761 Nox
385 707 465 772 erat,
483 705 516 759 et
531 706 636 759 terras
652 695 808 758 animalia
824 697 914 759 fessa
930 715 990 777 per
1005 717 1123 760 omnes

292 802 446 865 Alituum
462 801 694 882 pecudumque
711 820 819 881 genus
835 820 935 880 sopor
951 801 1037 862 altus
1054 800 1207 876 habebat,

293 907 377 970 Cum
395 917 490 986 pater
505 907 539 967 in
558 904 631 986 ripa
646 903 813 986 gelidique
831 903 892 966 sub
908 903 1052 966 aetheris
1069 925 1130 966 axe

291 1009 438 1085 Aeneas,
456 1008 541 1072 tristi
558 1009 711 1071 turbatus
727 1018 862 1089 pectora
877 1008 973 1084 bello

293 1113 472 1178 Procubuit
488 1133 663 1195 seramque
680 1113 771 1175 dedit
787 1133 846 1194 per
862 1113 1010 1175 membra
1027 1113 1182 1194 quietem.

293 1219 382 1282 Huic
398 1219 481 1280 deus
497 1218 568 1298 ipse
586 1217 649 1280 loci
665 1217 765 1279 fluvio
781 1217 958 1279 Tiberinus
974 1237 1115 1281 amoeno

292 1323 456 1406 Populeas
473 1323 558 1384 inter
574 1324 685 1385 senior
701 1341 735 1384 se
752 1321 902 1384 attollere
917 1321 1053 1384 frondes

290 1428 530 1492 Visus-cum
547 1426 657 1488 tenuis
673 1427 792 1507 glauco
808 1425 942 1488 velabat
957 1427 1079 1488 amictu

291 1531 467 1606 Carbasus,
484 1540 517 1593 et
533 1532 641 1592 crines
659 1529 815 1593 umbrosa
831 1531 965 1610 tegebat
981 1531 1118 1606 arund0,
1132 1569 1175 1576 —

291 1637 378 1698 Tum
395 1635 441 1698 sic
458 1634 566 1697 adfari
583 1644 616 1697 et
632 1655 728 1697 curas
746 1634 798 1696 his
816 1634 949 1697 demere
964 1635 1082 1698 dictis:

336 1739 396 1804 “O
414 1748 484 1801 sate
497 1749 597 1819 gente
614 1739 723 1814 deum,
742 1739 921 1801 Troianam
938 1759 977 1801 ex
994 1740 1146 1802 hostibus
1163 1741 1275 1804 urbem

291 1844 359 1927 Qui
374 1843 505 1906 revehis
522 1843 618 1906 nobis
636 1853 838 1925 aetemaque
856 1845 1017 1924 Pergama
1033 1863 1157 1920 servas

291 1951 493 2030 Exspectate
510 1948 579 2010 solo
599 1947 759 2009 Laurenti
778 1949 930 2029 arvisque
949 1947 1087 2024 Latinis

292 2053 358 2115 Hic
374 2051 433 2114 tibi
449 2061 541 2114 certa
557 2051 684 2126 domus,
703 2053 888 2114 certi—ne
906 2051 1029 2114 absiste
1041 2089 1082 2099 —
1096 2052 1255 2129 Penates3

292 2158 368 2219 Neu
384 2156 461 2218 belli
477 2165 601 2218 terrere
618 2155 735 2218 minis:
758 2165 868 2219 tumor
884 2157 990 2218 omnis
1006 2165 1039 2219 et
1055 2157 1123 2219 irae

290 2263 493 2326 Concessere
510 2259 620 2322 deum.

292 2366 431 2446 Iamque
447 2364 515 2439 tibi,
533 2384 575 2426 ne
592 2385 678 2426 vana
696 2375 792 2446 putes
809 2366 891 2428 haec
909 2365 1034 2446 fingere
1050 2386 1213 2440 somnum,

291 2467 433 2532 Litoreis
449 2469 568 2549 ingens
585 2469 721 2531 inventa
738 2468 799 2530 sub
815 2468 943 2532 ilicibus
960 2489 1025 2545 sus
1049 2535 1051 2538 ,

289 2573 442 2653 Triginta
458 2572 603 2654 capitum
622 2573 711 2636 fetus
728 2573 832 2648 enixa,
851 2573 980 2648 iacebit,

290 2674 389 2751 Alba,
407 2677 477 2738 solo
494 2676 668 2751 recubans,
687 2677 752 2740 albi
769 2677 892 2739 circum
909 2678 1010 2740 ubera
1027 2678 1104 2740 nati.

290 2778 356 2842 Hic
374 2781 465 2843 locus
482 2781 572 2843 urbis
589 2780 659 2857 erit,
679 2781 810 2863 requies
826 2802 866 2844 ea
882 2791 972 2844 certa
989 2783 1136 2844 laborum
1150 2803 1157 2859 ;

291 2883 341 2945 Ex
357 2904 422 2966 quo
437 2893 488 2947 ter
503 2885 597 2947 denis
614 2885 727 2947 urbem
747 2881 1073 2949 redeuntibus'annis

290 2987 457 3051 Ascanius
474 2990 552 3051 clari
570 2989 690 3051 condet
708 2990 915 3070 cognominis
933 2991 1064 3052 Albam.

334 3097 352 3122 “
364 3092 466 3154 Haud
480 3092 604 3155 incerta
617 3113 709 3156 cano,
753 3095 850 3156 Nunc
865 3115 930 3176 qua
943 3095 1079 3170 ratione,
1093 3096 1180 3176 quod
1193 3095 1300 3169 instat,

291 3195 458 3276 Expedias
476 3199 588 3272 victor,
609 3197 724 3278 paucis
737 3198 925 3262 —adverte
937 3235 976 3244 -
988 3199 1123 3262 docebo.

290 3299 440 3362 Arcades
458 3301 509 3362 his
526 3303 600 3377 oris,
618 3321 724 3382 genus
741 3322 761 3364 a
779 3303 927 3365 Pallante
944 3304 1140 3384 profectum,

290 3403 358 3484 Qui
374 3423 486 3484 regem
506 3405 699 3468 Euandrum
716 3407 864 3483 comites
883 3407 939 3489 qui
956 3409 1050 3488 signa
1067 3409 1179 3481 secuti,

291 3507 457 3588 Delegere
475 3508 581 3570 locum
599 3519 633 3573 et
649 3531 789 3591 posuere
806 3513 839 3573 in
857 3511 1025 3575 montibus
1042 3509 1156 3574 urbem

292 3611 450 3673 Pallantis
468 3613 581 3691 proavi
598 3614 640 3676 de
655 3614 789 3677 nomine
808 3615 1023 3678 Pallanteum.

291 3713 338 3774 Hi
354 3712 478 3774 bellurn
495 3715 633 3778 adsidue
650 3716 775 3780 ducunt
792 3739 867 3780 cum
885 3729 984 3799 gente
1002 3719 1138 3794 Latina;

292 3815 365 3877 Hos
381 3815 498 3878 castris
515 3818 636 3881 adhibe
653 3819 769 3897 socios
786 3832 820 3885 et
836 3823 972 3886 foedera
988 3825 1097 3905 iunge.
