2816 4282
202 313 265 377 334
560 301 718 354 VERGILI
744 301 943 354 AENEIDOS

291 482 366 546 Stat
378 482 531 545 conferre
544 501 679 544 manum
693 480 841 555 Aeneae,
854 489 930 557 stat,
942 481 1103 563 quidquid
1120 479 1230 546 acerbi
1244 488 1324 556 est,

200 578 204 584 ’
292 588 401 649 Morte
418 584 496 666 pati,
514 604 624 666 neque
640 604 693 647 me
708 584 908 660 indecorem,
925 603 1097 666 germana,
1115 583 1241 648 videbis

95 701 97 705 '
201 701 251 752 680
290 689 457 771 Amplius.
507 689 617 764 Hunc,
635 709 702 764 or0,
720 688 791 752 sine
808 707 861 751 me
876 689 988 751 furere
1004 698 1082 751 ante
1099 689 1282 752 furorem.”

336 793 435 869 Dixit,
454 803 488 856 et
502 813 521 856 e
537 813 635 856 curru
652 793 772 856 saltum
789 792 881 856 dedit
897 791 990 856 ocius
1006 792 1102 868 arvis,

291 899 420 980 Perque
435 898 557 973 hostes,
577 917 637 979 per
652 898 719 960 tela
736 897 809 973 ruit,
829 907 1057 979 maestamque
1074 917 1220 960 sororem

293 1002 435 1077 Deserit,
453 1021 491 1064 ac
507 1001 624 1083 rapido
641 1021 740 1064 cursu
756 1001 866 1065 media
883 1001 1018 1083 agmina
1034 1000 1168 1082 rumpit.

291 1106 343 1169 Ac
360 1107 459 1168 veluti
476 1107 598 1168 montis
614 1125 731 1168 saxum
747 1105 789 1168 de
806 1105 929 1169 vertice
946 1125 1108 1188 praeceps

202 1221 250 1286 685
292 1211 376 1274 Cum
394 1209 467 1285 ruit,
485 1210 637 1272 avulsum
652 1219 763 1285 vent0,
781 1229 840 1272 seu
857 1209 1010 1272 turbidus
1024 1209 1131 1272 imber

292 1315 425 1389 Proluit,
442 1323 497 1376 aut
513 1315 609 1376 annis
626 1314 724 1376 solvit
739 1313 897 1395 sublapsa
913 1322 1081 1390 vetustas;

292 1419 411 1481 Fertur
426 1418 460 1479 in
478 1416 655 1498 abruptum
673 1437 796 1498 magno
812 1437 908 1481 mons
924 1417 1096 1499 improbus
1113 1427 1199 1494 actu,
1227 1475 1233 1489 ,

293 1523 512 1603 Exsultatque
529 1521 608 1597 solo,
627 1521 726 1584 silvas
743 1531 895 1584 armenta
904 1521 1064 1604 virosque

293 1626 471 1689 Involvens
488 1643 620 1688 secum:
645 1623 783 1688 disiecta
798 1645 858 1707 per
874 1625 1010 1706 agmina
1026 1627 1162 1689 Turnus

202 1743 251 1802 690
291 1729 346 1794 Sic
363 1729 453 1792 urbis
469 1731 534 1791 ruit
551 1729 592 1790 ad
610 1750 730 1803 muros,
749 1728 806 1791 ubi
822 1728 965 1810 plurIma
981 1729 1057 1793 fuso

292 1833 463 1914 Sanguine
479 1841 567 1895 terra
583 1833 704 1908 madet,
722 1833 933 1914 striduntque
948 1833 1125 1897 hastilibus
1142 1853 1258 1909 aurae;

292 1937 531 2018 Significatque
548 1956 658 2012 manu,
675 1945 708 1999 et
725 1955 848 2018 magno
864 1937 963 1999 simul
979 1937 1095 2019 incipit
1112 1958 1188 2000 ore:

292 2041 451 2103 “Parcite
467 2040 542 2115 iam,
563 2039 687 2115 Rutuli,
704 2049 738 2103 et
755 2061 812 2103 vos
829 2041 895 2103 tela
912 2040 1069 2116 inhibete,
1090 2041 1220 2117 Latini;
1329 2118 1337 2128 ι

292 2145 532 2226 Quaecumque
548 2153 599 2206 est
616 2134 773 2219 Fortuna,
791 2129 866 2206 mea
881 2154 932 2207 est
946 2164 953 2219 ;
978 2164 1031 2208 me
1047 2146 1160 2208 verius
1176 2165 1276 2208 unum

203 2262 250 2324 695
293 2250 355 2311 Pro
371 2248 465 2311 vobis
484 2247 602 2311 foedus
619 2248 719 2322 luere,
736 2257 771 2312 et
786 2248 965 2311 decernere
981 2247 1103 2311 ferro.”

293 2353 487 2415 Discessere
503 2371 619 2414 omnes
635 2351 744 2425 medii,
761 2351 972 2433 spatiumque
989 2352 1121 2416 dedere.

334 2457 383 2519 At
400 2465 494 2537 pater
510 2456 654 2531 Aeneas,
672 2455 784 2519 audito
800 2455 935 2519 nomine
951 2457 1065 2531 Turni,

293 2559 427 2622 Deserit
443 2567 477 2621 et
492 2579 613 2634 muros,
632 2568 666 2621 et
681 2579 829 2622 summas
845 2559 968 2623 deserit
984 2579 1088 2635 arces,

292 2663 557 2744 Praecipitatque
575 2682 684 2725 moras
701 2682 827 2739 omnes,
845 2682 948 2745 opera
964 2664 1076 2725 omnia
1092 2664 1226 2747 rumpit,

203 2793 251 2842 700
292 2767 435 2830 Laetitia
451 2765 629 2841 exsultans
648 2766 916 2849 horrendumque
932 2767 1062 2830 intonat
1078 2767 1198 2830 armis:

291 2871 445 2953 Quantus
462 2870 583 2946 Athos
600 2880 657 2933 aut
673 2880 817 2952 quantus
836 2871 935 2955 Eryx,
953 2881 1011 2934 aut
1027 2872 1098 2952 ipse
1114 2867 1259 2934 coruscis

290 2977 374 3039 Cum
392 2974 503 3037 fremit
518 2973 648 3036 ilicibus
664 2983 809 3055 quantus
825 2974 1017 3056 gaudetque
1032 2975 1133 3038 nivali

288 3078 421 3142 Vertice
438 3097 473 3140 se
490 3077 645 3140 attollens
662 3087 756 3158 pater
772 3077 999 3159 Appenninus
1016 3079 1058 3141 ad
1074 3099 1181 3140 auras,

291 3183 362 3244 Iam
380 3201 459 3244 vero
475 3189 508 3243 et
526 3181 640 3243 Rutuli
657 3181 807 3243 certatim
825 3191 857 3244 et
874 3182 979 3246 Troes
994 3193 1028 3246 et
1045 3201 1161 3246 omnes

202 3309 247 3362 705
289 3287 492 3350 Convertere
508 3285 622 3347 oculos
639 3284 725 3359 Itali,
742 3286 865 3366 quique
882 3285 948 3348 alta
963 3285 1123 3349 tenebant

290 3389 434 3464 Moenia,
452 3387 574 3470 quique
591 3387 674 3450 imos
692 3388 872 3469 pulsabant
887 3388 990 3452 ariete
1007 3409 1128 3463 muros,

289 3494 460 3575 Armaque
477 3493 661 3573 deposuere
677 3491 808 3554 umeris.
858 3493 980 3574 Stupet
995 3493 1067 3574 ipse
1084 3491 1226 3554 Latinus

291 3597 459 3678 Ingentes,
478 3595 609 3676 genitos
625 3595 763 3659 diversis
780 3596 930 3676 partibus
946 3596 1044 3672 orbis,

290 3700 382 3762 Inter
397 3720 433 3762 se
450 3701 567 3763 coiisse
583 3700 671 3761 viros
688 3709 721 3762 et
737 3719 873 3763 cernere
889 3701 987 3764 ferro.

201 3825 249 3878 710
287 3803 402 3884 Atque
419 3802 473 3876 illi,
492 3811 527 3865 ut
543 3821 649 3864 vacuo
665 3811 845 3884 patuerunt
860 3823 1006 3884 aequore
1021 3805 1141 3886 campi,
