2822 4294
508 247 624 300 risen
650 246 856 300 sncuuuus
1196 257 1238 322 79

215 424 383 507 Obstipui,
401 435 633 508 steteruntque
649 446 765 489 comae
781 435 814 489 et
830 434 893 489 vex
909 426 1062 490 faucibus
1079 427 1194 490 haesit.

131 554 177 608 775
215 529 299 591 Tum
317 539 365 592 sic
383 531 542 593 adfarier
558 537 654 592 cirris
672 531 722 592 his
739 530 871 594 demere
889 531 1000 594 dictis:

258 633 380 716 “Quid
397 644 529 696 tantum
546 641 663 696 insane
680 634 770 696 iuvat
786 635 959 716 indulgere
975 635 1088 711 doleri,
1160 639 1163 650 '

216 737 370 802 Odulcis
387 739 554 802 coniunx?
578 747 644 801 nen
662 739 744 801 haec
762 739 832 801 sine
850 738 986 801 mimine
1003 741 1114 802 divum

214 827 402 919 Eveniunt3
427 863 490 906 nec
506 851 539 906 te
555 843 632 906 hinc
649 842 802 906 comitem
820 851 991 924 asportere
1008 839 1168 908 Creusam

215 947 282 1010 Fas
298 957 357 1011 aut
373 948 428 1010 ille
445 948 524 1010 sinit
540 957 652 1028 superi
667 955 826 1030 regnator
842 948 988 1032 Olympi.

127 1063 174 1125 780
216 1052 337 1134 Longa
352 1052 412 1114 tibi
429 1052 552 1128 exsilia,
570 1061 603 1115 et
619 1059 750 1114 vastum
769 1052 868 1114 maris
885 1073 1009 1134 aequor
1024 1053 1197 1129 arandum,

216 1157 259 1218 Et
275 1165 399 1218 terram
418 1157 620 1238 Hesperiam
637 1157 760 1232 venies,
779 1156 834 1218 ubi
852 1157 978 1239 Lydius
995 1178 1074 1220 arva

215 1261 308 1322 Inter
325 1270 438 1342 opima
452 1262 559 1324 virum
576 1261 643 1323 leni
658 1260 730 1323 fluit
746 1261 879 1342 {agmine
896 1261 1060 1344 Thybris:

216 1365 288 1426 illic
305 1373 358 1427 res
375 1365 482 1428 laetae
499 1373 706 1447 regnumque
723 1375 756 1427 et
772 1365 864 1446 regia
880 1367 1023 1428 coniunx

215 1469 314 1531 Parta
331 1470 398 1532 tibi.
449 1469 619 1533 Lacrimis
638 1469 779 1532 dilectae
796 1470 883 1551 pelle
900 1470 1066 1533 Creusae:
1099 1469 1106 1484 ’

124 1585 171 1651 785
216 1574 294 1635 N6n
312 1593 376 1654 ego
395 1573 643 1657 Myrmidonum
661 1574 757 1636 sedes
776 1574 988 1655 Dolopumve
1004 1573 1165 1656 superbas

214 1678 401 1759 Aspiciam,
419 1687 476 1741 aut
495 1679 590 1742 Greis
608 1687 765 1740 servitum
785 1677 945 1740 matribus
961 1678 1025 1754 ibe,

215 1781 395 1857 Dardanis,
413 1791 446 1844 et
462 1783 557 1844 divae
574 1782 715 1845 Veneris
732 1802 853 1857 nurus;

214 1886 282 1949 Sed
300 1893 353 1947 me
370 1893 493 1967 magna
509 1887 607 1949 deum
627 1887 785 1950 Genetrix
803 1887 853 1948 his
870 1886 995 1948 detinet
1011 1895 1085 1950 eris.

215 1991 355 2072 Iamque
371 1989 455 2065 vale,
472 1999 505 2053 et
522 1997 591 2052 nati
608 1997 702 2052 serva
719 1990 901 2052 communis
918 1991 1095 2052 amerem.”

124 2121 171 2170 790
260 2095 356 2156 Haec
370 2094 426 2156 ubi
440 2094 529 2156 dicta
542 2094 642 2168 dedit,
655 2095 883 2157 lacrimantem
897 2104 930 2157 et
947 2094 1049 2157 multa
1065 2095 1232 2159 volentem

216 2192 337 2280 Dicere
354 2198 508 2274 deseruit,
526 2206 711 2280 tenuesque
728 2200 864 2262 recessit
881 2198 912 2260 in
931 2205 1036 2261 auras.

213 2303 281 2365 Ter
297 2310 436 2365 cenatus
453 2302 498 2365 ibi
513 2303 598 2366 colle
614 2302 693 2366 dare
710 2303 866 2367 bracchia
882 2303 1024 2380 circum;

212 2407 281 2470 Ter
297 2407 422 2468 frustra
439 2414 637 2488 comprensa
654 2415 772 2470 maniis
790 2408 910 2488 effigit
926 2409 1045 2490 image,

214 2512 278 2574 Per
293 2510 422 2573 levibus
438 2520 547 2573 ventis
563 2511 754 2592 volucrique
772 2509 937 2573 simillima
954 2519 1078 2574 somne.

125 2641 170 2695 795
258 2615 314 2679 Sic
331 2614 463 2677 demum
483 2615 590 2677 socies
607 2622 805 2696 censumpta
823 2625 919 2678 nocte
936 2624 1052 2678 revise.

212 2720 329 2801 Atque
346 2720 398 2781 hic
415 2720 586 2800 ingentem
604 2718 761 2780 comitum
779 2719 954 2781 adfluxisse
972 2726 1132 2781 noverum

214 2823 355 2888 invenie
372 2823 539 2885 admirans
556 2843 740 2899 numerum,
759 2831 955 2904 metresque,
973 2824 1136 2904 viresque,

213 2928 396 2991 Collectam
414 2926 528 2989 exsilii>
545 2926 679 3008 pubem,
698 2926 883 2990 miserabile
899 2927 1029 3008 vulgus.

214 3031 374 3113 Undique
390 3038 586 3106 convenere,
604 3031 722 3093 animis
739 3031 923 3112 opibusque
941 3038 1055 3112 parati,

125 3147 169 3198 800
213 3137 254 3198 In
271 3142 499 3217 quascumque
517 3136 617 3198 velim
634 3136 753 3217 pelage
771 3134 935 3197 dedecere
952 3141 1064 3197 terras.

213 3241 353 3320 Iamque
370 3239 455 3320 iugis
474 3259 623 3302 summae
640 3239 796 3321 surgebat
814 3237 950 3301 Lucifer
963 3223 1044 3301 idae

212 3343 435 3426 Dicebatque
453 3343 549 3419 diem,
571 3344 747 3424 Danaique
764 3343 900 3405 obsessa
915 3329 1076 3404 tenebant

211 3447 346 3512 Limina
363 3454 542 3529 porterum,
561 3468 622 3510 nec
639 3455 715 3528 spes
732 3447 803 3528 opis
821 3446 887 3508 una
903 3446 1044 3509 dabatur
1054 3465 1062 3522 ;

209 3553 308 3618 Cessi
323 3561 356 3615 et
373 3551 505 3615 sublate
521 3559 650 3614 montes
667 3550 818 3634 genitere
835 3558 944 3633 petivi.
