<?xml version="1.0" encoding="UTF-8"?>
<!DOCTYPE html PUBLIC "-//W3C//DTD XHTML 1.0 Transitional//EN"
    "http://www.w3.org/TR/xhtml1/DTD/xhtml1-transitional.dtd">
<html xmlns="http://www.w3.org/1999/xhtml" xml:lang="en" lang="en">
 <head>
  <title>
</title>
<meta http-equiv="Content-Type" content="text/html;charset=utf-8" />
  <meta name='ocr-system' content='tesseract 3.04.00' />
  <meta name='ocr-capabilities' content='ocr_page ocr_carea ocr_par ocr_line ocrx_word'/>
</head>
<body>
  <div class='ocr_page' id='page_1' title='image "./virgilsaeneidbo00denngoog_0216.png"; bbox 0 0 2800 4286; ppageno 0'>
   <div class='ocr_carea' id='block_1_1' title="bbox 493 308 830 362">
    <p class='ocr_par' dir='ltr' id='par_1_1' title="bbox 493 308 830 362">
     <span class='ocr_line' id='line_1_1' title="bbox 493 308 830 362; baseline 0 0"><span class='ocrx_word' id='word_1_1' title='bbox 493 308 609 362; x_wconf 89' lang='lat' dir='ltr'>LIBER</span> <span class='ocrx_word' id='word_1_2' title='bbox 636 309 830 362; x_wconf 89' lang='lat' dir='ltr'>SEPTIMUS</span> 
     </span>
    </p>
   </div>
   <div class='ocr_carea' id='block_1_2' title="bbox 105 486 1216 3694">
    <p class='ocr_par' dir='ltr' id='par_1_2' title="bbox 105 486 1216 2863">
     <span class='ocr_line' id='line_1_2' title="bbox 195 486 1076 571; baseline -0.003 -19"><span class='ocrx_word' id='word_1_3' title='bbox 195 490 370 553; x_wconf 85' lang='lat' dir='ltr'>Terrorem</span> <span class='ocrx_word' id='word_1_4' title='bbox 390 488 598 571; x_wconf 85' lang='lat' dir='ltr'><strong>ingeminat:</strong></span> <span class='ocrx_word' id='word_1_5' title='bbox 622 489 770 550; x_wconf 92' lang='lat' dir='ltr'>Teucros</span> <span class='ocrx_word' id='word_1_6' title='bbox 786 487 820 549; x_wconf 94' lang='lat' dir='ltr'>in</span> <span class='ocrx_word' id='word_1_7' title='bbox 837 506 941 568; x_wconf 89' lang='lat' dir='ltr'>regna</span> <span class='ocrx_word' id='word_1_8' title='bbox 955 486 1076 561; x_wconf 90' lang='lat' dir='ltr'>vocari,</span> 
     </span>
     <span class='ocr_line' id='line_1_3' title="bbox 196 591 1033 676; baseline -0.006 -18"><span class='ocrx_word' id='word_1_9' title='bbox 196 594 339 674; x_wconf 86' lang='lat' dir='ltr'>Stirpem</span> <span class='ocrx_word' id='word_1_10' title='bbox 357 593 538 656; x_wconf 83' lang='lat' dir='ltr'>admisceri</span> <span class='ocrx_word' id='word_1_11' title='bbox 556 591 745 676; x_wconf 87' lang='lat' dir='ltr'>Phrygiam,</span> <span class='ocrx_word' id='word_1_12' title='bbox 764 611 799 654; x_wconf 90' lang='lat' dir='ltr'>se</span> <span class='ocrx_word' id='word_1_13' title='bbox 816 591 929 655; x_wconf 90' lang='lat' dir='ltr'>limine</span> <span class='ocrx_word' id='word_1_14' title='bbox 946 591 1033 673; x_wconf 91' lang='lat' dir='ltr'>pelli.</span> 
     </span>
     <span class='ocr_line' id='line_1_4' title="bbox 105 696 1169 779; baseline 0.003 -23"><span class='ocrx_word' id='word_1_15' title='bbox 105 706 155 771; x_wconf 88' lang='grc' dir='ltr'>58ο</span> <span class='ocrx_word' id='word_1_16' title='bbox 195 699 289 772; x_wconf 88' lang='lat' dir='ltr'>Tum,</span> <span class='ocrx_word' id='word_1_17' title='bbox 309 717 456 779; x_wconf 91' lang='lat' dir='ltr'>quorum</span> <span class='ocrx_word' id='word_1_18' title='bbox 474 698 634 759; x_wconf 90' lang='lat' dir='ltr'>attonitae</span> <span class='ocrx_word' id='word_1_19' title='bbox 653 696 786 759; x_wconf 90' lang='lat' dir='ltr'>Baccho</span> <span class='ocrx_word' id='word_1_20' title='bbox 803 715 941 758; x_wconf 89' lang='lat' dir='ltr'>nemora</span> <span class='ocrx_word' id='word_1_21' title='bbox 957 697 1030 758; x_wconf 89' lang='lat' dir='ltr'>avia</span> <span class='ocrx_word' id='word_1_22' title='bbox 1046 705 1169 759; x_wconf 88' lang='lat' dir='ltr'>matres</span> 
     </span>
     <span class='ocr_line' id='line_1_5' title="bbox 196 800 1216 883; baseline -0.002 -19"><span class='ocrx_word' id='word_1_23' title='bbox 196 803 366 865; x_wconf 91' lang='lat' dir='ltr'>Insultant</span> <span class='ocrx_word' id='word_1_24' title='bbox 378 801 508 876; x_wconf 78' lang='lat' dir='ltr'>thiasiS,</span> <span class='ocrx_word' id='word_1_25' title='bbox 517 837 559 846; x_wconf 90' lang='lat'>—-</span> <span class='ocrx_word' id='word_1_26' title='bbox 568 821 676 883; x_wconf 92' lang='lat' dir='ltr'>neque</span> <span class='ocrx_word' id='word_1_27' title='bbox 689 801 776 863; x_wconf 91' lang='lat' dir='ltr'>enim</span> <span class='ocrx_word' id='word_1_28' title='bbox 791 801 863 862; x_wconf 89' lang='lat' dir='ltr'>leve</span> <span class='ocrx_word' id='word_1_29' title='bbox 876 820 997 863; x_wconf 92' lang='lat' dir='ltr'>nomen</span> <span class='ocrx_word' id='word_1_30' title='bbox 1011 800 1216 876; x_wconf 88' lang='lat' dir='ltr'>Amatae,—</span> 
     </span>
     <span class='ocr_line' id='line_1_6' title="bbox 196 904 1052 988; baseline -0.005 -18"><span class='ocrx_word' id='word_1_31' title='bbox 196 906 354 988; x_wconf 89' lang='lat' dir='ltr'>Undique</span> <span class='ocrx_word' id='word_1_32' title='bbox 371 904 504 968; x_wconf 87' lang='lat' dir='ltr'>collecti</span> <span class='ocrx_word' id='word_1_33' title='bbox 520 914 651 980; x_wconf 90' lang='lat' dir='ltr'>coeunt,</span> <span class='ocrx_word' id='word_1_34' title='bbox 671 905 883 986; x_wconf 89' lang='lat' dir='ltr'>Martemque</span> <span class='ocrx_word' id='word_1_35' title='bbox 899 904 1052 986; x_wconf 85' lang='lat' dir='ltr'>fatigant.</span> 
     </span>
     <span class='ocr_line' id='line_1_7' title="bbox 116 1007 1025 1085; baseline -0.002 -13"><span class='ocrx_word' id='word_1_36' title='bbox 116 1043 121 1050; x_wconf 96' lang='lat'>·</span> <span class='ocrx_word' id='word_1_37' title='bbox 197 1011 291 1073; x_wconf 85' lang='lat' dir='ltr'>Ilicet</span> <span class='ocrx_word' id='word_1_38' title='bbox 307 1009 487 1072; x_wconf 83' lang='lat' dir='ltr'>infandum</span> <span class='ocrx_word' id='word_1_39' title='bbox 506 1009 616 1072; x_wconf 88' lang='lat' dir='ltr'>cuncti</span> <span class='ocrx_word' id='word_1_40' title='bbox 633 1018 749 1072; x_wconf 90' lang='lat' dir='ltr'>contra</span> <span class='ocrx_word' id='word_1_41' title='bbox 764 1007 876 1071; x_wconf 92' lang='lat' dir='ltr'>omina</span> <span class='ocrx_word' id='word_1_42' title='bbox 891 1007 1025 1085; x_wconf 87' lang='lat' dir='ltr'>bellurn,</span> 
     </span>
     <span class='ocr_line' id='line_1_8' title="bbox 196 1112 1031 1194; baseline -0.004 -17"><span class='ocrx_word' id='word_1_43' title='bbox 196 1115 320 1177; x_wconf 87' lang='lat' dir='ltr'>Contra</span> <span class='ocrx_word' id='word_1_44' title='bbox 336 1115 409 1176; x_wconf 85' lang='lat' dir='ltr'>lata</span> <span class='ocrx_word' id='word_1_45' title='bbox 425 1113 536 1189; x_wconf 91' lang='lat' dir='ltr'>deum,</span> <span class='ocrx_word' id='word_1_46' title='bbox 556 1133 712 1194; x_wconf 89' lang='lat' dir='ltr'>perverso</span> <span class='ocrx_word' id='word_1_47' title='bbox 728 1112 864 1176; x_wconf 92' lang='lat' dir='ltr'>numine</span> <span class='ocrx_word' id='word_1_48' title='bbox 880 1121 1031 1194; x_wconf 88' lang='lat' dir='ltr'>poscunt.</span> 
     </span>
     <span class='ocr_line' id='line_1_9' title="bbox 109 1217 949 1299; baseline 0.004 -23"><span class='ocrx_word' id='word_1_49' title='bbox 109 1227 157 1292; x_wconf 83' lang='lat'>585</span> <span class='ocrx_word' id='word_1_50' title='bbox 198 1218 357 1282; x_wconf 86' lang='lat' dir='ltr'>Certatim</span> <span class='ocrx_word' id='word_1_51' title='bbox 374 1219 465 1299; x_wconf 90' lang='lat' dir='ltr'>regis</span> <span class='ocrx_word' id='word_1_52' title='bbox 483 1217 698 1281; x_wconf 89' lang='lat' dir='ltr'>circumstant</span> <span class='ocrx_word' id='word_1_53' title='bbox 712 1225 803 1280; x_wconf 88' lang='lat' dir='ltr'>tecta</span> <span class='ocrx_word' id='word_1_54' title='bbox 819 1217 949 1294; x_wconf 86' lang='lat' dir='ltr'>Latini;</span> 
     </span>
     <span class='ocr_line' id='line_1_10' title="bbox 198 1321 914 1404; baseline 0 -20"><span class='ocrx_word' id='word_1_55' title='bbox 198 1323 256 1384; x_wconf 92' lang='lat' dir='ltr'>llle</span> <span class='ocrx_word' id='word_1_56' title='bbox 272 1323 365 1386; x_wconf 89' lang='lat' dir='ltr'>velut</span> <span class='ocrx_word' id='word_1_57' title='bbox 382 1321 495 1404; x_wconf 86' lang='lat' dir='ltr'>pelagi</span> <span class='ocrx_word' id='word_1_58' title='bbox 512 1339 612 1404; x_wconf 89' lang='lat' dir='ltr'>rupes</span> <span class='ocrx_word' id='word_1_59' title='bbox 629 1322 767 1384; x_wconf 89' lang='lat' dir='ltr'>immota</span> <span class='ocrx_word' id='word_1_60' title='bbox 782 1322 914 1396; x_wconf 88' lang='lat' dir='ltr'>resistit,</span> 
     </span>
     <span class='ocr_line' id='line_1_11' title="bbox 198 1425 960 1508; baseline 0 -19"><span class='ocrx_word' id='word_1_61' title='bbox 198 1428 243 1490; x_wconf 93' lang='lat' dir='ltr'>Ut</span> <span class='ocrx_word' id='word_1_62' title='bbox 259 1426 373 1508; x_wconf 88' lang='lat' dir='ltr'>pelagi</span> <span class='ocrx_word' id='word_1_63' title='bbox 387 1447 489 1507; x_wconf 90' lang='lat' dir='ltr'>rupes</span> <span class='ocrx_word' id='word_1_64' title='bbox 506 1445 628 1507; x_wconf 92' lang='lat' dir='ltr'>magno</span> <span class='ocrx_word' id='word_1_65' title='bbox 644 1425 800 1489; x_wconf 91' lang='lat' dir='ltr'>veniente</span> <span class='ocrx_word' id='word_1_66' title='bbox 816 1427 960 1508; x_wconf 86' lang='lat' dir='ltr'>fragore,</span> 
     </span>
     <span class='ocr_line' id='line_1_12' title="bbox 197 1529 1004 1612; baseline 0 -20"><span class='ocrx_word' id='word_1_67' title='bbox 197 1532 291 1612; x_wconf 83' lang='lat' dir='ltr'>Quae</span> <span class='ocrx_word' id='word_1_68' title='bbox 308 1551 392 1606; x_wconf 91' lang='lat' dir='ltr'>sese,</span> <span class='ocrx_word' id='word_1_69' title='bbox 412 1531 524 1592; x_wconf 91' lang='lat' dir='ltr'>multis</span> <span class='ocrx_word' id='word_1_70' title='bbox 541 1531 665 1593; x_wconf 91' lang='lat' dir='ltr'>circum</span> <span class='ocrx_word' id='word_1_71' title='bbox 683 1529 880 1592; x_wconf 89' lang='lat' dir='ltr'>latrantibus</span> <span class='ocrx_word' id='word_1_72' title='bbox 896 1529 1004 1606; x_wconf 92' lang='lat' dir='ltr'>undis,</span> 
     </span>
     <span class='ocr_line' id='line_1_13' title="bbox 199 1634 1134 1716; baseline -0.001 -19"><span class='ocrx_word' id='word_1_73' title='bbox 199 1635 286 1698; x_wconf 88' lang='lat' dir='ltr'>Mole</span> <span class='ocrx_word' id='word_1_74' title='bbox 303 1644 415 1711; x_wconf 90' lang='lat' dir='ltr'>tenet;</span> <span class='ocrx_word' id='word_1_75' title='bbox 442 1634 571 1716; x_wconf 91' lang='lat' dir='ltr'>scopuli</span> <span class='ocrx_word' id='word_1_76' title='bbox 587 1634 789 1716; x_wconf 91' lang='lat' dir='ltr'>nequiquam</span> <span class='ocrx_word' id='word_1_77' title='bbox 807 1644 840 1698; x_wconf 91' lang='lat' dir='ltr'>et</span> <span class='ocrx_word' id='word_1_78' title='bbox 856 1655 995 1716; x_wconf 88' lang='lat' dir='ltr'>spumea</span> <span class='ocrx_word' id='word_1_79' title='bbox 1011 1634 1134 1697; x_wconf 92' lang='lat' dir='ltr'>circum</span> 
     </span>
     <span class='ocr_line' id='line_1_14' title="bbox 113 1737 1058 1820; baseline -0.003 -17"><span class='ocrx_word' id='word_1_80' title='bbox 113 1761 160 1812; x_wconf 86' lang='lat'>590</span> <span class='ocrx_word' id='word_1_81' title='bbox 198 1741 284 1804; x_wconf 86' lang='lat' dir='ltr'>Saxa</span> <span class='ocrx_word' id='word_1_82' title='bbox 302 1741 463 1813; x_wconf 85' lang='lat' dir='ltr'>fremunt,</span> <span class='ocrx_word' id='word_1_83' title='bbox 481 1738 641 1820; x_wconf 89' lang='lat' dir='ltr'>laterique</span> <span class='ocrx_word' id='word_1_84' title='bbox 657 1737 755 1800; x_wconf 88' lang='lat' dir='ltr'>inlisa</span> <span class='ocrx_word' id='word_1_85' title='bbox 770 1738 958 1801; x_wconf 86' lang='lat' dir='ltr'>refunditur</span> <span class='ocrx_word' id='word_1_86' title='bbox 974 1739 1058 1819; x_wconf 89' lang='lat' dir='ltr'>alga.</span> 
     </span>
     <span class='ocr_line' id='line_1_15' title="bbox 195 1842 1151 1925; baseline -0.001 -19"><span class='ocrx_word' id='word_1_87' title='bbox 195 1845 321 1906; x_wconf 92' lang='lat' dir='ltr'>Verum</span> <span class='ocrx_word' id='word_1_88' title='bbox 338 1842 396 1905; x_wconf 94' lang='lat' dir='ltr'>ubi</span> <span class='ocrx_word' id='word_1_89' title='bbox 412 1842 504 1905; x_wconf 92' lang='lat' dir='ltr'>nulla</span> <span class='ocrx_word' id='word_1_90' title='bbox 520 1842 618 1905; x_wconf 91' lang='lat' dir='ltr'>datur</span> <span class='ocrx_word' id='word_1_91' title='bbox 634 1862 769 1906; x_wconf 90' lang='lat' dir='ltr'>caecum</span> <span class='ocrx_word' id='word_1_92' title='bbox 787 1862 986 1925; x_wconf 86' lang='lat' dir='ltr'>exsuperare</span> <span class='ocrx_word' id='word_1_93' title='bbox 1003 1852 1151 1924; x_wconf 89' lang='lat' dir='ltr'>potestas</span> 
     </span>
     <span class='ocr_line' id='line_1_16' title="bbox 195 1946 1010 2023; baseline -0.004 -12"><span class='ocrx_word' id='word_1_94' title='bbox 195 1946 390 2023; x_wconf 89' lang='lat' dir='ltr'>Consilium,</span> <span class='ocrx_word' id='word_1_95' title='bbox 407 1956 442 2010; x_wconf 92' lang='lat' dir='ltr'>et</span> <span class='ocrx_word' id='word_1_96' title='bbox 459 1966 579 2009; x_wconf 88' lang='lat' dir='ltr'>saevae</span> <span class='ocrx_word' id='word_1_97' title='bbox 595 1956 679 2009; x_wconf 91' lang='lat' dir='ltr'>nutu</span> <span class='ocrx_word' id='word_1_98' title='bbox 698 1947 835 2010; x_wconf 90' lang='lat' dir='ltr'>lunonis</span> <span class='ocrx_word' id='word_1_99' title='bbox 851 1955 932 2009; x_wconf 90' lang='lat' dir='ltr'>eunt</span> <span class='ocrx_word' id='word_1_100' title='bbox 947 1966 1010 2021; x_wconf 79' lang='lat' dir='ltr'>reS,</span> 
     </span>
     <span class='ocr_line' id='line_1_17' title="bbox 195 2051 995 2132; baseline -0.001 -18"><span class='ocrx_word' id='word_1_101' title='bbox 195 2052 305 2114; x_wconf 90' lang='lat' dir='ltr'>Multa</span> <span class='ocrx_word' id='word_1_102' title='bbox 321 2052 402 2114; x_wconf 89' lang='lat' dir='ltr'>deos</span> <span class='ocrx_word' id='word_1_103' title='bbox 419 2071 583 2132; x_wconf 87' lang='lat' dir='ltr'>aurasque</span> <span class='ocrx_word' id='word_1_104' title='bbox 601 2060 696 2132; x_wconf 92' lang='lat' dir='ltr'>pater</span> <span class='ocrx_word' id='word_1_105' title='bbox 712 2059 854 2114; x_wconf 89' lang='lat' dir='ltr'>testatus</span> <span class='ocrx_word' id='word_1_106' title='bbox 870 2051 995 2126; x_wconf 90' lang='lat' dir='ltr'>inanes,</span> 
     </span>
     <span class='ocr_line' id='line_1_18' title="bbox 195 2153 1199 2238; baseline -0.001 -20"><span class='ocrx_word' id='word_1_107' title='bbox 195 2161 213 2188; x_wconf 88' lang='lat'><strong>“</strong></span> <span class='ocrx_word' id='word_1_108' title='bbox 225 2156 431 2236; x_wconf 89' lang='lat' dir='ltr'>Frangimur</span> <span class='ocrx_word' id='word_1_109' title='bbox 447 2155 512 2217; x_wconf 89' lang='lat' dir='ltr'>heu</span> <span class='ocrx_word' id='word_1_110' title='bbox 529 2154 608 2218; x_wconf 84' lang='lat' dir='ltr'>fatis</span> <span class='ocrx_word' id='word_1_111' title='bbox 620 2153 638 2178; x_wconf 88' lang='lat'>&#39;&#39;</span> <span class='ocrx_word' id='word_1_112' title='bbox 656 2154 764 2236; x_wconf 89' lang='lat' dir='ltr'>inquit</span> <span class='ocrx_word' id='word_1_113' title='bbox 781 2159 799 2186; x_wconf 79' lang='lat'>‘⁴</span> <span class='ocrx_word' id='word_1_114' title='bbox 813 2154 1018 2237; x_wconf 80' lang='lat' dir='ltr'>ierimurque</span> <span class='ocrx_word' id='word_1_115' title='bbox 1035 2155 1199 2238; x_wconf 91' lang='lat' dir='ltr'>procella!</span> 
     </span>
     <span class='ocr_line' id='line_1_19' title="bbox 112 2259 1029 2342; baseline 0.001 -22"><span class='ocrx_word' id='word_1_116' title='bbox 112 2281 154 2334; x_wconf 83' lang='lat'>595</span> <span class='ocrx_word' id='word_1_117' title='bbox 197 2259 267 2342; x_wconf 90' lang='lat' dir='ltr'>Ipsi</span> <span class='ocrx_word' id='word_1_118' title='bbox 285 2261 346 2322; x_wconf 90' lang='lat' dir='ltr'>has</span> <span class='ocrx_word' id='word_1_119' title='bbox 363 2259 528 2340; x_wconf 90' lang='lat' dir='ltr'>sacrilego</span> <span class='ocrx_word' id='word_1_120' title='bbox 543 2259 699 2341; x_wconf 90' lang='lat' dir='ltr'>pendetis</span> <span class='ocrx_word' id='word_1_121' title='bbox 715 2259 877 2340; x_wconf 87' lang='lat' dir='ltr'>sanguine</span> <span class='ocrx_word' id='word_1_122' title='bbox 895 2279 1029 2340; x_wconf 90' lang='lat' dir='ltr'>poenas,</span> 
     </span>
     <span class='ocr_line' id='line_1_20' title="bbox 194 2362 1063 2438; baseline -0.002 -10"><span class='ocrx_word' id='word_1_123' title='bbox 194 2364 225 2428; x_wconf 94' lang='lat' dir='ltr'>O</span> <span class='ocrx_word' id='word_1_124' title='bbox 242 2363 365 2427; x_wconf 88' lang='lat' dir='ltr'>miseri.</span> <span class='ocrx_word' id='word_1_125' title='bbox 413 2363 472 2438; x_wconf 93' lang='lat' dir='ltr'>Te,</span> <span class='ocrx_word' id='word_1_126' title='bbox 490 2363 615 2438; x_wconf 90' lang='lat' dir='ltr'>Turne,</span> <span class='ocrx_word' id='word_1_127' title='bbox 631 2363 739 2438; x_wconf 80' lang='lat' dir='ltr'>nefaS,</span> <span class='ocrx_word' id='word_1_128' title='bbox 757 2373 790 2426; x_wconf 91' lang='lat' dir='ltr'>te</span> <span class='ocrx_word' id='word_1_129' title='bbox 806 2362 899 2426; x_wconf 89' lang='lat' dir='ltr'>triste</span> <span class='ocrx_word' id='word_1_130' title='bbox 915 2363 1063 2426; x_wconf 92' lang='lat' dir='ltr'>manebit</span> 
     </span>
     <span class='ocr_line' id='line_1_21' title="bbox 194 2466 1010 2549; baseline -0.002 -18"><span class='ocrx_word' id='word_1_131' title='bbox 194 2467 414 2549; x_wconf 89' lang='lat' dir='ltr'>Supplicium,</span> <span class='ocrx_word' id='word_1_132' title='bbox 432 2469 585 2549; x_wconf 90' lang='lat' dir='ltr'>votisque</span> <span class='ocrx_word' id='word_1_133' title='bbox 602 2467 683 2529; x_wconf 90' lang='lat' dir='ltr'>deos</span> <span class='ocrx_word' id='word_1_134' title='bbox 698 2466 904 2530; x_wconf 90' lang='lat' dir='ltr'>venerabere</span> <span class='ocrx_word' id='word_1_135' title='bbox 920 2467 1010 2530; x_wconf 88' lang='lat' dir='ltr'>seris.</span> 
     </span>
     <span class='ocr_line' id='line_1_22' title="bbox 195 2570 1133 2654; baseline -0.001 -20"><span class='ocrx_word' id='word_1_136' title='bbox 195 2573 283 2634; x_wconf 91' lang='lat' dir='ltr'>Nam</span> <span class='ocrx_word' id='word_1_137' title='bbox 301 2572 381 2633; x_wconf 91' lang='lat' dir='ltr'>mihi</span> <span class='ocrx_word' id='word_1_138' title='bbox 398 2581 495 2652; x_wconf 90' lang='lat' dir='ltr'>parta</span> <span class='ocrx_word' id='word_1_139' title='bbox 510 2570 613 2653; x_wconf 76' lang='lat' dir='ltr'>quieS,</span> <span class='ocrx_word' id='word_1_140' title='bbox 631 2571 805 2654; x_wconf 88' lang='lat' dir='ltr'>omnisque</span> <span class='ocrx_word' id='word_1_141' title='bbox 821 2572 855 2633; x_wconf 94' lang='lat' dir='ltr'>in</span> <span class='ocrx_word' id='word_1_142' title='bbox 872 2570 983 2634; x_wconf 90' lang='lat' dir='ltr'>limine</span> <span class='ocrx_word' id='word_1_143' title='bbox 999 2580 1133 2652; x_wconf 89' lang='lat' dir='ltr'>portus;</span> 
     </span>
     <span class='ocr_line' id='line_1_23' title="bbox 195 2675 989 2760; baseline 0 -23"><span class='ocrx_word' id='word_1_144' title='bbox 195 2678 328 2738; x_wconf 92' lang='lat' dir='ltr'>Funere</span> <span class='ocrx_word' id='word_1_145' title='bbox 344 2675 435 2738; x_wconf 84' lang='lat' dir='ltr'>felici</span> <span class='ocrx_word' id='word_1_146' title='bbox 453 2676 606 2756; x_wconf 87' lang='lat' dir='ltr'>spolior.’&#39;</span> <span class='ocrx_word' id='word_1_147' title='bbox 657 2675 729 2740; x_wconf 90' lang='lat' dir='ltr'>Nec</span> <span class='ocrx_word' id='word_1_148' title='bbox 748 2677 844 2760; x_wconf 90' lang='lat' dir='ltr'>plura</span> <span class='ocrx_word' id='word_1_149' title='bbox 859 2676 989 2738; x_wconf 90' lang='lat' dir='ltr'>locutus</span> 
     </span>
     <span class='ocr_line' id='line_1_24' title="bbox 110 2779 1021 2863; baseline 0.001 -22"><span class='ocrx_word' id='word_1_150' title='bbox 110 2791 153 2841; x_wconf 87' lang='lat'>600</span> <span class='ocrx_word' id='word_1_151' title='bbox 194 2779 330 2860; x_wconf 88' lang='lat' dir='ltr'>Saepsit</span> <span class='ocrx_word' id='word_1_152' title='bbox 346 2799 381 2842; x_wconf 90' lang='lat' dir='ltr'>se</span> <span class='ocrx_word' id='word_1_153' title='bbox 399 2781 505 2855; x_wconf 76' lang='lat' dir='ltr'>tentia,</span> <span class='ocrx_word' id='word_1_154' title='bbox 523 2799 699 2863; x_wconf 92' lang='lat' dir='ltr'>rerumque</span> <span class='ocrx_word' id='word_1_155' title='bbox 717 2781 848 2863; x_wconf 91' lang='lat' dir='ltr'>reliquit</span> <span class='ocrx_word' id='word_1_156' title='bbox 864 2781 1021 2843; x_wconf 87' lang='lat' dir='ltr'>habenas.</span> 
     </span>
    </p>

    <p class='ocr_par' dir='ltr' id='par_1_3' title="bbox 189 2883 1167 3263">
     <span class='ocr_line' id='line_1_25' title="bbox 240 2883 1167 2966; baseline 0 -20"><span class='ocrx_word' id='word_1_157' title='bbox 240 2885 318 2947; x_wconf 91' lang='lat' dir='ltr'>Mos</span> <span class='ocrx_word' id='word_1_158' title='bbox 334 2893 406 2946; x_wconf 88' lang='lat' dir='ltr'>erat</span> <span class='ocrx_word' id='word_1_159' title='bbox 425 2884 591 2964; x_wconf 89' lang='lat' dir='ltr'>Hesperio</span> <span class='ocrx_word' id='word_1_160' title='bbox 608 2885 643 2946; x_wconf 92' lang='lat' dir='ltr'>in</span> <span class='ocrx_word' id='word_1_161' title='bbox 661 2885 767 2960; x_wconf 91' lang='lat' dir='ltr'>Latio,</span> <span class='ocrx_word' id='word_1_162' title='bbox 786 2905 883 2966; x_wconf 92' lang='lat' dir='ltr'>quem</span> <span class='ocrx_word' id='word_1_163' title='bbox 902 2884 1052 2966; x_wconf 90' lang='lat' dir='ltr'>protinus</span> <span class='ocrx_word' id='word_1_164' title='bbox 1068 2883 1167 2946; x_wconf 92' lang='lat' dir='ltr'>urbes</span> 
     </span>
     <span class='ocr_line' id='line_1_26' title="bbox 189 2988 1047 3064; baseline 0 -14"><span class='ocrx_word' id='word_1_165' title='bbox 189 2988 346 3050; x_wconf 86' lang='lat' dir='ltr'>Albanae</span> <span class='ocrx_word' id='word_1_166' title='bbox 363 2988 495 3050; x_wconf 89' lang='lat' dir='ltr'>coluere</span> <span class='ocrx_word' id='word_1_167' title='bbox 512 2989 653 3064; x_wconf 90' lang='lat' dir='ltr'>sacrum,</span> <span class='ocrx_word' id='word_1_168' title='bbox 672 3008 761 3057; x_wconf 91' lang='lat' dir='ltr'>nunc</span> <span class='ocrx_word' id='word_1_169' title='bbox 778 2991 922 3051; x_wconf 90' lang='lat' dir='ltr'>maxima</span> <span class='ocrx_word' id='word_1_170' title='bbox 938 3009 1047 3051; x_wconf 91' lang='lat' dir='ltr'>rerum</span> 
     </span>
     <span class='ocr_line' id='line_1_27' title="bbox 196 3091 1145 3174; baseline 0.001 -20"><span class='ocrx_word' id='word_1_171' title='bbox 196 3093 305 3155; x_wconf 91' lang='lat' dir='ltr'>Roma</span> <span class='ocrx_word' id='word_1_172' title='bbox 321 3091 407 3167; x_wconf 89' lang='lat' dir='ltr'>colit,</span> <span class='ocrx_word' id='word_1_173' title='bbox 426 3111 502 3154; x_wconf 90' lang='lat' dir='ltr'>cum</span> <span class='ocrx_word' id='word_1_174' title='bbox 520 3093 628 3174; x_wconf 90' lang='lat' dir='ltr'>prima</span> <span class='ocrx_word' id='word_1_175' title='bbox 645 3103 781 3157; x_wconf 90' lang='lat' dir='ltr'>movent</span> <span class='ocrx_word' id='word_1_176' title='bbox 797 3093 831 3156; x_wconf 91' lang='lat' dir='ltr'>in</span> <span class='ocrx_word' id='word_1_177' title='bbox 848 3093 974 3174; x_wconf 91' lang='lat' dir='ltr'>proelia</span> <span class='ocrx_word' id='word_1_178' title='bbox 992 3095 1145 3169; x_wconf 90' lang='lat' dir='ltr'>Martem,</span> 
     </span>
     <span class='ocr_line' id='line_1_28' title="bbox 194 3195 1003 3263; baseline -0.001 -3"><span class='ocrx_word' id='word_1_179' title='bbox 194 3195 273 3260; x_wconf 89' lang='lat' dir='ltr'>Sive</span> <span class='ocrx_word' id='word_1_180' title='bbox 290 3197 383 3259; x_wconf 90' lang='lat' dir='ltr'>Getis</span> <span class='ocrx_word' id='word_1_181' title='bbox 400 3196 524 3260; x_wconf 85' lang='lat' dir='ltr'>inferre</span> <span class='ocrx_word' id='word_1_182' title='bbox 542 3217 643 3260; x_wconf 91' lang='lat' dir='ltr'>manu</span> <span class='ocrx_word' id='word_1_183' title='bbox 659 3197 863 3261; x_wconf 89' lang='lat' dir='ltr'>lacrimabile</span> <span class='ocrx_word' id='word_1_184' title='bbox 879 3198 1003 3263; x_wconf 89' lang='lat' dir='ltr'>bellurn</span> 
     </span>
    </p>

    <p class='ocr_par' dir='ltr' id='par_1_4' title="bbox 108 3299 1151 3694">
     <span class='ocr_line' id='line_1_29' title="bbox 108 3299 1151 3384; baseline 0.007 -26"><span class='ocrx_word' id='word_1_185' title='bbox 108 3311 152 3376; x_wconf 82' lang='lat'>605</span> <span class='ocrx_word' id='word_1_186' title='bbox 197 3299 409 3384; x_wconf 88' lang='lat' dir='ltr'>Hyrcanisve</span> <span class='ocrx_word' id='word_1_187' title='bbox 428 3300 594 3364; x_wconf 91' lang='lat' dir='ltr'>Arabisve</span> <span class='ocrx_word' id='word_1_188' title='bbox 613 3312 740 3382; x_wconf 90' lang='lat' dir='ltr'>parant,</span> <span class='ocrx_word' id='word_1_189' title='bbox 758 3321 817 3364; x_wconf 90' lang='lat' dir='ltr'>seu</span> <span class='ocrx_word' id='word_1_190' title='bbox 833 3301 971 3365; x_wconf 88' lang='lat' dir='ltr'>tendere</span> <span class='ocrx_word' id='word_1_191' title='bbox 988 3301 1030 3364; x_wconf 91' lang='lat' dir='ltr'>ad</span> <span class='ocrx_word' id='word_1_192' title='bbox 1049 3301 1151 3365; x_wconf 92' lang='lat' dir='ltr'>Indos</span> 
     </span>
     <span class='ocr_line' id='line_1_30' title="bbox 195 3404 1080 3487; baseline 0.001 -21"><span class='ocrx_word' id='word_1_193' title='bbox 195 3404 431 3486; x_wconf 88' lang='lat' dir='ltr'>Auroramque</span> <span class='ocrx_word' id='word_1_194' title='bbox 449 3407 543 3486; x_wconf 89' lang='lat' dir='ltr'>sequi</span> <span class='ocrx_word' id='word_1_195' title='bbox 560 3406 767 3487; x_wconf 90' lang='lat' dir='ltr'>Parthosque</span> <span class='ocrx_word' id='word_1_196' title='bbox 783 3425 958 3487; x_wconf 90' lang='lat' dir='ltr'>reposcere</span> <span class='ocrx_word' id='word_1_197' title='bbox 975 3405 1080 3487; x_wconf 88' lang='lat' dir='ltr'>signa.</span> 
     </span>
     <span class='ocr_line' id='line_1_31' title="bbox 180 3508 1131 3590; baseline 0 -18"><span class='ocrx_word' id='word_1_198' title='bbox 180 3508 281 3572; x_wconf 90' lang='lat' dir='ltr'>·Sunt</span> <span class='ocrx_word' id='word_1_199' title='bbox 298 3508 453 3590; x_wconf 90' lang='lat' dir='ltr'>geminae</span> <span class='ocrx_word' id='word_1_200' title='bbox 471 3509 554 3572; x_wconf 89' lang='lat' dir='ltr'>Belli</span> <span class='ocrx_word' id='word_1_201' title='bbox 570 3508 798 3590; x_wconf 79' lang='lat' dir='ltr'>portae-sic</span> <span class='ocrx_word' id='word_1_202' title='bbox 814 3509 947 3573; x_wconf 89' lang='lat' dir='ltr'>nomine</span> <span class='ocrx_word' id='word_1_203' title='bbox 965 3510 1131 3572; x_wconf 82' lang='lat' dir='ltr'>dicunt—-</span> 
     </span>
     <span class='ocr_line' id='line_1_32' title="bbox 195 3612 1008 3694; baseline 0.002 -20"><span class='ocrx_word' id='word_1_204' title='bbox 195 3612 372 3694; x_wconf 90' lang='lat' dir='ltr'>Religione</span> <span class='ocrx_word' id='word_1_205' title='bbox 389 3631 504 3675; x_wconf 87' lang='lat' dir='ltr'>sacrae</span> <span class='ocrx_word' id='word_1_206' title='bbox 520 3624 554 3676; x_wconf 90' lang='lat' dir='ltr'>et</span> <span class='ocrx_word' id='word_1_207' title='bbox 570 3613 660 3676; x_wconf 89' lang='lat' dir='ltr'>saevi</span> <span class='ocrx_word' id='word_1_208' title='bbox 676 3613 853 3676; x_wconf 81' lang='lat' dir='ltr'>formidine</span> <span class='ocrx_word' id='word_1_209' title='bbox 872 3615 1008 3688; x_wconf 56' lang='lat' dir='ltr'>Martisa</span> 
     </span>
    </p>
   </div>
   <div class='ocr_carea' id='block_1_3' title="bbox 106 3699 1063 3896">
    <p class='ocr_par' dir='ltr' id='par_1_5' title="bbox 106 3699 1063 3896">
     <span class='ocr_line' id='line_1_33' title="bbox 195 3699 1063 3799; baseline -0.001 -19"><span class='ocrx_word' id='word_1_210' title='bbox 195 3715 339 3780; x_wconf 90' lang='lat' dir='ltr'>Centum</span> <span class='ocrx_word' id='word_1_211' title='bbox 357 3715 446 3778; x_wconf 90' lang='lat' dir='ltr'>aerei</span> <span class='ocrx_word' id='word_1_212' title='bbox 462 3699 620 3779; x_wconf 89' lang='lat' dir='ltr'>claudunt</span> <span class='ocrx_word' id='word_1_213' title='bbox 635 3727 748 3780; x_wconf 85' lang='lat' dir='ltr'>vectes</span> <span class='ocrx_word' id='word_1_214' title='bbox 765 3727 966 3799; x_wconf 91' lang='lat' dir='ltr'>aeternaque</span> <span class='ocrx_word' id='word_1_215' title='bbox 982 3717 1063 3780; x_wconf 85' lang='lat' dir='ltr'>ferri</span> 
     </span>
     <span class='ocr_line' id='line_1_34' title="bbox 106 3820 964 3896; baseline -0.003 -12"><span class='ocrx_word' id='word_1_216' title='bbox 106 3835 150 3884; x_wconf 81' lang='lat'>610</span> <span class='ocrx_word' id='word_1_217' title='bbox 195 3821 340 3896; x_wconf 88' lang='lat' dir='ltr'>Robora,</span> <span class='ocrx_word' id='word_1_218' title='bbox 358 3839 421 3882; x_wconf 91' lang='lat' dir='ltr'>nec</span> <span class='ocrx_word' id='word_1_219' title='bbox 438 3830 550 3884; x_wconf 90' lang='lat' dir='ltr'>custos</span> <span class='ocrx_word' id='word_1_220' title='bbox 567 3821 697 3884; x_wconf 89' lang='lat' dir='ltr'>absistit</span> <span class='ocrx_word' id='word_1_221' title='bbox 713 3820 825 3883; x_wconf 91' lang='lat' dir='ltr'>limine</span> <span class='ocrx_word' id='word_1_222' title='bbox 843 3821 964 3882; x_wconf 90' lang='lat' dir='ltr'>Ianus:</span> 
     </span>
    </p>
   </div>
   <div class='ocr_carea' id='block_1_4' title="bbox 0 0 1404 4286">
    <p class='ocr_par' dir='ltr' id='par_1_6' title="bbox 0 0 1404 4286">
     <span class='ocr_line' id='line_1_35' title="bbox 0 0 1404 4286; baseline 0 0"><span class='ocrx_word' id='word_1_223' title='bbox 0 0 1404 4286; x_wconf 95' lang='lat' dir='ltr'> </span> 
     </span>
    </p>
   </div>
  </div>
 </body>
</html>
