2800 4286
218 316 276 378 182
568 320 725 374 VERGILl
752 320 950 374 AENEIDOS

301 500 416 582 Atque
432 499 547 583 fugam
565 499 665 575 dedit,
683 509 717 563 et
732 509 864 581 praeter
878 501 964 563 vada
981 500 1112 564 fervida
1128 501 1223 565 vexit.

213 624 244 678 25
347 605 485 686 Iamque
502 604 699 667 rubescebat
715 604 815 667 radiis
833 625 932 680 mare,
950 614 983 667 et
1000 606 1136 668 aethere
1152 605 1194 669 ab
1210 606 1283 669 alto

300 709 434 772 Aurora
450 709 484 771 in
500 708 602 772 roseis
619 708 771 790 fulgebat
787 708 877 771 lutea
892 708 989 790 bigis,

302 814 386 878 Cum
403 812 494 876 venti
511 832 661 894 posuere,
679 814 852 894 omnisque
868 823 1006 894 repente
1021 815 1149 878 resedit

302 919 427 994 Fletus,
445 928 478 982 et
494 919 527 981 in
543 913 633 981 len'to
650 917 818 980 luctantur
834 938 996 981 marmore
1011 928 1140 982 tonsae.

213 1025 216 1030 '
301 1023 416 1105 Atque
432 1024 485 1086 hic
502 1022 638 1086 Aeneas
655 1022 826 1105 ingentem
844 1043 885 1087 ex
901 1043 1044 1107 aequore
1061 1024 1174 1087 lucum

301 1128 472 1209 Prospicit.
522 1128 623 1190 Hunc
640 1127 725 1190 inter
741 1128 839 1191 fluvio
856 1127 1032 1191 Tiberinus
1049 1148 1202 1203 amoen0,

300 1232 490 1296 Verticibus
500 1231 640 1313 rapidis,
659 1241 692 1294 et
709 1232 812 1295 multa
829 1232 933 1295 flavus
950 1233 1085 1307 harena,

302 1336 343 1399 In
359 1357 450 1400 mare
467 1338 661 1418 prorumpit.
709 1336 830 1400 Variae
847 1338 1036 1418 circumque
1052 1356 1221 1419 supraque

301 1440 474 1504 Adsuetae
490 1442 570 1523 ripis
586 1441 738 1504 volucres
754 1451 787 1504 et
803 1440 946 1503 fluminis
962 1441 1057 1503 alveo

301 1544 451 1607 Aethera
468 1545 658 1608 mulcebant
674 1555 784 1619 cantu,
802 1544 943 1626 lucoque
958 1544 1125 1607 volabant.

303 1648 454 1712 Flectere
470 1651 533 1712 iter
549 1649 646 1712 sociis
662 1658 836 1730 terraeque
853 1648 1025 1728 advertere
1042 1643 1160 1729 proras

303 1752 461 1833 Imperat,
478 1762 511 1816 et
528 1753 635 1816 laetus
651 1752 752 1815 fluvio
769 1752 916 1816 succedit
932 1771 1046 1833 opaco.
1089 1813 1091 1816 ,

347 1961 447 2023 Nunc
463 1980 535 2041 age,
554 1961 609 2042 qui
626 1979 731 2041 reges,
752 1961 863 2035 Erato,
881 1979 967 2042 quae
983 1968 1135 2042 tempora
1151 1981 1269 2036 rerum,

302 2063 387 2146 Quis
405 2065 502 2127 Latio
518 2066 656 2146 antiquo
673 2045 780 2127 fuerit*
789 2074 905 2140 status,
923 2063 1052 2146 advena
1068 2064 1210 2128 classem

302 2169 386 2233 Cum
404 2168 547 2250 primum
565 2168 726 2231 Ausoniis
744 2168 907 2232 exercitus
923 2168 1051 2250 appulit
1067 2169 1143 2244 oriS,

302 2272 495 2354 Expediam,
513 2281 546 2335 et
563 2274 689 2355 primae
706 2272 869 2336 revocabo
885 2272 1018 2335 exordia
1034 2292 1178 2354 pugnae.

301 2378 354 2440 Tu
369 2387 489 2453 vatem,
507 2387 552 2453 tu,
570 2377 655 2453 diva,
674 2397 780 2440 mone.
829 2377 949 2440 Dicam
965 2376 1098 2439 horrida
1113 2376 1211 2452 bella,

303 2481 421 2544 Dicam
439 2483 535 2556 acies,
553 2491 711 2564 actosque
727 2480 846 2544 animis
862 2482 895 2542 in
913 2481 1032 2543 funera
1047 2500 1153 2561 reges,

300 2586 576 2670 Tyrrhenamque
593 2607 737 2660 manum,
755 2595 927 2668 totamque
944 2586 1005 2648 sub
1022 2605 1114 2647 arma
1130 2594 1278 2649 coactam

302 2690 512 2771 Hesperiam.
562 2690 671 2753 Maior
686 2710 796 2753 rerum
814 2691 893 2752 mihi
909 2691 1056 2753 nascitur
1071 2688 1162 2765 ord0,

303 2792 413 2856 Maius
429 2813 513 2875 opus
530 2813 655 2857 moveo.

695 3004 768 3065 Rex
784 3021 863 3065 arva
881 3001 1021 3065 Latinus
1037 3011 1072 3065 et
1087 3002 1187 3065 urbes

302 3107 374 3170 Iam
392 3107 502 3170 senior
517 3106 618 3189 longa
635 3106 784 3188 placidas
800 3107 834 3168 in
851 3126 934 3188 pace
950 3105 1095 3188 regebat.

302 3211 403 3274 Hunc
421 3211 538 3274 Fauno
555 3221 588 3275 et
604 3212 753 3296 nympha
769 3211 919 3292 genitum
938 3210 1105 3273 Laurente
1124 3210 1251 3273 Marica

301 3313 516 3396 Accipimus;
542 3316 658 3379 Fauno
677 3317 773 3379 Picus
790 3325 905 3397 pater;
930 3314 1025 3397 isque
1042 3323 1214 3396 parentem
1315 3365 1319 3376 .

300 3419 358 3494 Te,
378 3420 530 3496 Saturne,
548 3422 668 3496 refert;
693 3431 728 3484 tu
745 3421 917 3501 sanguinis
935 3419 1070 3482 ultimus
1087 3428 1211 3481 auctor.

213 3540 246 3592 50
303 3522 407 3586 Filius
423 3525 499 3586 huic
515 3525 586 3588 fato
603 3526 714 3587 divum
733 3525 908 3607 prolesque
925 3507 1026 3586 virilis

303 3625 404 3687 Nulla
420 3625 493 3701 fuit,
511 3629 683 3710 primaque
700 3629 808 3692 oriens
825 3639 940 3709 erepta
956 3628 1090 3691 iuventa
1106 3635 1166 3690 est.
1260 3629 1262 3634 ’

303 3726 381 3790 Sola
397 3728 531 3789 domum
548 3722 585 3792 et'
597 3740 707 3793 tantas
724 3731 877 3795 servabat
894 3732 961 3793 filia
978 3731 1082 3806 sedes

303 3827 375 3888 Iam
393 3838 521 3891 matura
536 3833 614 3907 viro,
632 3834 697 3894 iam
715 3835 822 3915 plenis
839 3835 959 3898 nubilis
975 3835 1079 3897 annis.
