2800 4286
492 273 607 328 LIBER
635 273 813 328 OCTAVUS

180 459 275 523 Vana
290 456 488 539 superstitio
505 465 723 536 veterumque
739 454 856 536 ignara
872 455 1009 517 deorum

183 562 365 644 Imposuit;
392 562 512 637 saevis
530 560 654 641 hospes
670 559 823 635 Troiane,
842 559 974 640 periclis

184 667 312 732 Servati
328 666 475 729 iacimus
492 664 694 746 meritosque
711 684 873 726 novamus
890 665 1042 728 honores.

105 792 146 840 190
182 774 252 835 lam
269 771 417 854 primum
436 771 524 833 saxis
541 789 739 851 suspensam
758 769 844 832 hanc
861 770 973 851 aspice
990 790 1126 852 rupem:

183 876 352 939 Disiectae
370 874 487 957 procul
504 884 540 937 ut
556 874 670 949 moles,
688 874 886 956 desertaque
902 874 1024 938 montis

182 981 255 1045 Stat
270 981 403 1055 domuS,
421 989 455 1042 et
471 979 601 1060 scopuli
617 979 787 1059 ingentem
804 988 934 1041 traxere
950 981 1088 1041 ruinam.

184 1086 248 1148 Hic
265 1084 430 1167 spelunca
446 1084 519 1159 fuit,
536 1093 632 1146 vasto
649 1093 815 1146 summota
830 1103 973 1159 recessu,

184 1189 421 1253 Semihominis
439 1187 522 1250 Caci
538 1187 642 1250 iacies
658 1207 757 1269 quam
775 1187 846 1248 dira
861 1188 1005 1262 tenebat,

108 1312 147 1366 195
184 1294 269 1358 Solis
285 1295 495 1356 inaccessam
511 1291 622 1367 radiis
640 1311 840 1373 semperque
855 1292 981 1355 recenti

184 1398 294 1462 Caede
310 1396 450 1479 tepebat
465 1397 596 1471 humus,
615 1396 811 1478 foribusque
828 1396 937 1458 adfixa
954 1397 1107 1478 superbis

185 1502 251 1566 Ora
265 1502 375 1565 virum
393 1501 479 1564 tristi
497 1500 689 1581 pendebant
706 1500 829 1582 pallida
845 1500 933 1563 tabo,

185 1606 274 1669 Huic
290 1614 442 1668 monstro
458 1606 631 1668 Vulcanus
647 1614 719 1667 erat
736 1613 848 1685 pater;
873 1604 959 1666 illius
977 1614 1066 1667 atros

184 1711 250 1774 Ore
266 1730 408 1773 vomens
424 1708 521 1791 ignes
538 1729 661 1790 magna
678 1728 714 1771 se
730 1709 817 1772 mole
834 1709 972 1772 ferebat.

74 1819 77 1824 “
106 1834 149 1868 200
184 1814 307 1877 Attulit
323 1825 358 1877 et
373 1814 471 1876 nobis
488 1813 665 1895 aliquando
682 1813 875 1894 optantibus
891 1823 983 1876 aetas

183 1918 355 1981 Auxilium
372 1918 620 2000 adventumque
637 1918 699 1980 dei.
749 1917 836 1979 Nam
853 1917 1016 1979 maximus
1032 1919 1126 1992 ultor,

183 2022 377 2104 Tergemini
393 2042 477 2085 nece
495 2021 671 2106 Geryonae
688 2021 870 2104 spoliisque
886 2021 1059 2103 superbus

184 2128 323 2190 Alcides
339 2127 464 2202 aderat,
482 2136 660 2208 taurosque
677 2126 740 2188 hac
756 2126 861 2188 victor
876 2125 998 2207 agebat

185 2232 355 2313 lugentes,
371 2231 559 2313 vallemque
575 2231 678 2293 boves
694 2245 893 2312 amnemque
909 2231 1077 2293 tenebant.

105 2355 147 2407 205
227 2338 276 2398 At
293 2335 388 2398 iuriis
406 2335 486 2400 Caci
501 2356 596 2398 mens
613 2335 727 2410 effera,
745 2355 787 2397 ne
803 2334 883 2416 quid
899 2335 1052 2396 inausum

184 2441 257 2504 Aut
271 2440 486 2503 intractatum
504 2439 680 2502 scelerisve
695 2438 804 2501 dolive
821 2438 950 2514 fuisset,

185 2544 353 2627 Quattuor
369 2564 389 2606 a
405 2545 544 2607 stabulis
561 2544 744 2626 praestanti
760 2563 899 2625 corpore
915 2553 1029 2606 tauros

185 2649 327 2723 Avertit,
345 2648 483 2712 totidem
500 2650 609 2711 forma
626 2658 805 2729 superante
820 2648 987 2710 iuvencas.

186 2753 300 2835 Atque
316 2754 387 2828 hos,
406 2773 531 2835 nequa
548 2753 660 2816 forent
677 2752 819 2834 pedibus
835 2753 976 2833 vestigia
993 2753 1100 2826 rectis,

106 2877 149 2912 210
186 2855 303 2919 Cauda
318 2856 352 2919 in
370 2857 565 2939 speluncam
581 2866 705 2920 tractos
721 2858 892 2939 versisque
908 2859 1034 2918 viarum

187 2961 323 3024 Iudiciis
340 2969 454 3043 raptos
471 2982 550 3024 saxo
567 2961 755 3025 occultabat
772 2981 886 3043 opaco

187 3065 370 3148 Quaerenti
386 3067 478 3128 nulla
495 3067 537 3129 ad
554 3067 749 3148 speluncam
767 3065 863 3147 signa
879 3065 1041 3129 ferebant.

232 3171 375 3246 Interea,
393 3191 468 3233 cum
485 3171 550 3233 iam
567 3170 706 3233 stabulis
723 3179 869 3232 saturata
886 3181 1033 3234 moveret

187 3274 509 3359 Amphitryoniades
526 3283 676 3338 armenta
692 3275 884 3357 abitumque
902 3284 1043 3354 pararet,

108 3399 148 3453 215
189 3379 349 3443 Discessu
365 3379 493 3460 mugire
508 3381 621 3455 boves,
639 3388 739 3462 atque
755 3399 854 3442 omne
871 3378 1013 3461 querelis

190 3484 327 3566 Impleri
342 3503 470 3559 nemus,
488 3494 522 3547 et
538 3484 639 3547 colles
656 3485 799 3548 clamore
816 3483 966 3566 relinqui.

191 3588 348 3652 Reddidit
364 3607 431 3651 una
446 3589 547 3652 boum
562 3608 678 3651 vocem
695 3599 856 3670 vastoque
873 3589 934 3650 sub
951 3597 1045 3652 antro

193 3691 312 3774 Mugiit
328 3701 362 3756 et
380 3691 460 3755 Caci
476 3713 570 3774 spem
587 3692 753 3756 custodita
769 3692 898 3754 fefellit.

193 3795 258 3859 Hic
272 3815 353 3860 vero
369 3795 510 3860 Alcidae
526 3796 622 3858 furiis
638 3804 806 3858 exarserat
822 3805 893 3858 atro
