2800 4286
334 835 375 909 P.
417 835 654 908 venetur
695 835 953 909 unnours

440 1029 859 1125 AENEIDOS

447 1311 593 1373 LIBER
624 1310 849 1376 OCTAVUS

217 1481 264 1546 Ut
279 1479 363 1544 belli
382 1479 517 1560 signum
536 1477 696 1541 Laurenti
712 1479 845 1542 Turnus
861 1479 903 1543 ab
920 1499 995 1544 arce

178 1586 312 1660 Extulit,
330 1593 369 1647 et
386 1603 487 1646 rauco
504 1592 718 1664 strepuerunt
734 1604 858 1646 cornua
874 1593 983 1660 cantu,

177 1671 289 1771 thue
307 1709 406 1752 acres
424 1689 590 1751 concussit
607 1708 719 1769 equos
737 1698 839 1770 utque
855 1687 986 1770 impulit
1002 1709 1102 1766 arma,

178 1793 360 1875 Extemplo
377 1791 502 1854 turbati
517 1792 627 1867 animi,
646 1791 742 1854 simul
759 1812 857 1855 omne
869 1793 1013 1856 tumultu

113 1920 124 1972 5
177 1898 341 1961 Coniurat
357 1895 489 1976 trepido
506 1895 649 1971 Latium,
668 1896 837 1977 saevitque
854 1897 1008 1960 iuventus

179 2002 306 2064 Effera.
358 2001 524 2064 Ductores
540 1999 639 2082 primi
657 2001 835 2081 Messapus
851 2010 884 2063 et
902 2001 1013 2065 Ufens

179 2107 468 2186 Contemptorque
484 2103 582 2167 deum
601 2105 788 2168 Mezentius
805 2105 951 2188 undique
968 2116 1093 2188 cogunt

180 2210 324 2284 Auxilia,
342 2219 376 2271 et
391 2209 476 2271 latos
488 2218 620 2272 vastant
636 2208 817 2271 cultoribus
833 2229 940 2290 agros.

182 2315 327 2377 Mittitur
343 2322 377 2376 et
393 2313 506 2394 magni
522 2314 672 2377 Venulus
691 2313 864 2376 Diomedis
880 2314 922 2376 ad
940 2313 1065 2392 urbem,

107 2444 131 2479 ιο
180 2419 245 2501 Qui
263 2428 356 2499 petat
372 2417 538 2492 auxilium,
556 2427 598 2492 et,
617 2417 713 2480 Latio
730 2419 911 2482 consistere
927 2419 1084 2497 Teucros,

180 2523 371 2586 Advectum
389 2522 530 2585 Aenean
547 2522 646 2585 classi
660 2523 831 2605 victosque
849 2522 990 2586 Penates

183 2627 315 2690 Inferre
331 2636 364 2689 et
380 2627 460 2688 fatis
476 2647 589 2708 regem
603 2647 639 2690 se
657 2627 765 2690 dicere
782 2627 884 2708 posci,

183 2733 342 2807 Edoceat,
360 2731 547 2813 multasque
563 2731 633 2794 viro
650 2752 685 2794 se
702 2730 883 2813 adiungere
900 2742 1018 2813 gentes

184 2835 364 2908 Dardanio,
382 2844 416 2898 et
431 2835 497 2898 late
515 2835 612 2898 Latio
629 2835 874 2899 increbrescere
892 2857 1023 2900 nomen.

107 2961 131 3014 ις
183 2939 271 3022 Quid
289 2947 395 3002 struat
411 2939 461 3001 his
478 2939 614 3021 coeptiS,
633 2961 741 3022 quem,
754 2940 782 3003 si
800 2941 949 3004 Fortuna
965 2952 1132 3023 sequatur,

97 3086 102 3091 -
184 3044 350 3106 Eventum
368 3064 502 3125 pugnae
519 3045 640 3125 cupiat,
659 3044 869 3108 manifestius
886 3046 958 3126 ipsi,

183 3148 292 3230 Quam
309 3149 425 3211 Turno
441 3149 521 3230 regi,
539 3159 597 3213 aut
612 3149 681 3231 regi
699 3169 861 3230 apparere
879 3149 1009 3213 Latino.

225 3252 321 3315 Talia
337 3272 397 3334 per
414 3253 557 3316 Latium.
606 3254 701 3336 Quae
719 3253 980 3317 Laomedontius
992 3254 1091 3318 heros

184 3355 313 3420 Cuncta
327 3357 446 3420 videns
463 3379 585 3440 magno
601 3379 753 3421 curarum
771 3359 909 3420 fluctuat
922 3368 1016 3420 aestu
1029 3380 1036 3434 ;

105 3487 134 3523 20
183 3461 294 3544 Atque
311 3463 458 3524 animum
474 3483 562 3526 nunc
579 3463 644 3526 huc
661 3463 812 3538 celerem,
831 3481 920 3524 nunc
938 3461 1053 3526 dividit
1069 3463 1154 3539 illuc,

184 3566 223 3628 In
240 3557 417 3648 partesque
434 3566 520 3648 rapit
535 3568 643 3629 varias
660 3587 785 3649 perque
798 3567 909 3630 omnia
925 3576 1055 3631 versat:

184 3671 274 3735 Sicut
291 3691 396 3754 aquae
412 3670 588 3733 tremulum
601 3671 701 3734 labris
719 3669 774 3732 ubi
792 3671 903 3732 lumen
922 3672 1014 3733 a'e'nis

184 3775 259 3839 Sole
276 3794 517 3856 repercussum,
536 3784 592 3836 aut
609 3774 769 3837 radiantis
786 3774 930 3854 imagine
949 3774 1077 3850 Lunae,

627 3898 674 3949 ²⁰7
