2800 4286
537 275 652 326 LIBER
678 277 809 329 NONUS

116 521 123 536 ³
195 452 275 517 Has
291 473 355 535 ego
375 453 552 516 Dardanio
569 453 686 528 iuveni,
704 473 779 516 cum
796 455 911 519 classis
927 466 1050 537 egeret,

196 557 307 623 Laeta
322 558 421 634 dedi;
448 577 539 620 nunc
557 557 730 621 sollicitam
747 559 846 622 timor
861 561 978 624 anxius
995 563 1097 642 angit.

102 686 135 733 90
198 663 303 727 Solve
319 672 441 738 metus,
460 671 561 743 atque
580 663 641 725 hoc
661 663 816 744 precibus
835 666 906 728 sine
926 685 1024 746 posse
1041 676 1223 747 parentem,

198 768 278 830 Neu
295 788 397 831 cursu
414 776 594 848 quassatae
611 767 677 829 ullo
694 787 758 829 neu
775 767 906 831 turbine
922 770 1013 833 venti

197 873 384 947 Vincatur;
412 871 519 953 prosit
536 871 656 934 nostris
672 873 706 933 in
723 873 892 936 montibus
908 875 1028 938 ortas.’'

247 977 351 1039 Filius
369 976 447 1038 huic
465 985 589 1051 contra,
608 985 740 1058 torquet
756 977 812 1058 qui
829 979 937 1040 sidera
952 979 1083 1042 mundi:

203 1082 265 1146 “O
282 1083 446 1163 genetrix,
466 1101 532 1162 quo
550 1081 621 1142 fata
636 1101 745 1156 vocas,
763 1091 820 1144 aut
836 1083 915 1164 quid
932 1084 1017 1164 petis
1034 1083 1127 1147 istis?

105 1206 138 1258 95
206 1185 383 1248 Mortaline
401 1204 505 1246 manu
518 1185 830 1248 factae-immortale
847 1187 978 1249 carinae

205 1292 268 1352 Fas
285 1289 456 1352 habeant?
481 1298 657 1371 certusque
673 1291 800 1352 incerta
816 1291 963 1372 pericula
980 1293 1096 1356 lustret

203 1394 364 1456 Aeneas?
388 1395 442 1455 cui
458 1401 552 1455 tanta
568 1393 630 1456 deo
648 1394 810 1474 permissa
826 1395 996 1476 potestas?

205 1499 319 1574 Immo,
338 1498 405 1573 ubi,
423 1497 613 1573 defunctae,
632 1498 733 1560 finem
751 1508 932 1580 portusque
949 1499 1110 1564 tenebunt

203 1602 374 1665 Ausonios
391 1601 479 1677 olim,
498 1585 727 1683 quaecumque
744 1603 886 1666 evaserit
903 1603 1009 1678 undis,

117 1727 167 1764 roo
205 1706 481 1787 Dardaniumque
497 1705 616 1769 ducem
635 1707 816 1768 Laurentia
832 1709 956 1769 vexerit
973 1729 1060 1784 arva,

205 1811 381 1873 llllortalem
397 1809 537 1890 eripiam
554 1809 706 1886 formam,
725 1813 904 1892 magnique
921 1811 1041 1874 iubebo

203 1914 369 1996 Aequoris
385 1934 460 1976 esse
476 1914 565 1988 deas
584 1915 691 1995 qualis
710 1915 832 1977 Nereia
851 1916 940 1978 Doto

205 2019 246 2081 Et
263 2018 404 2082 Galatea
421 2027 536 2080 secant
552 2029 763 2098 spumantem
781 2029 915 2100 pectore
932 2022 1103 2100 pontum.’'

206 2123 351 2197 Dixerat,
370 2122 469 2204 idque
486 2131 593 2184 ratum
612 2122 721 2206 Stygii
737 2143 797 2204 per
814 2123 950 2186 flumina
967 2125 1088 2200 fratris

123 2249 166 2301 105
204 2229 265 2289 Per
282 2229 355 2308 pice
372 2235 536 2288 torrentes
554 2235 689 2317 atraque
706 2227 867 2309 voragine
883 2228 973 2308 ripas

204 2331 341 2406 Adnuit,
359 2341 392 2393 et
408 2340 515 2393 totum
533 2340 615 2393 nutu
631 2332 819 2395 tremefecit
836 2332 1028 2416 Olympum.

248 2436 339 2516 Ergo
356 2435 472 2497 aderat
489 2435 652 2515 promissa
668 2435 749 2510 dies,
767 2446 801 2498 et
817 2446 968 2516 tempora
987 2438 1109 2502 Parcae

204 2540 327 2601 Debita
343 2540 560 2620 complerant,
580 2559 656 2602 eum
673 2541 779 2602 Turni
795 2540 913 2602 iniuria
932 2542 1076 2604 Matrem

204 2644 390 2707 Admonuit
406 2641 533 2705 ratibus
550 2644 652 2706 sacris
668 2644 836 2725 depellere
853 2644 978 2706 taedas.

123 2769 166 2806 110
205 2748 270 2810 Hic
288 2748 432 2828 primum
449 2767 536 2809 nova
553 2749 607 2809 lux
624 2749 727 2811 oculis
744 2748 881 2823 offulsit,
901 2758 934 2810 et
950 2748 1069 2830 ingens

203 2853 303 2915 Visus
320 2852 361 2914 ab
380 2851 512 2914 Aurora
528 2853 657 2914 caelum
673 2861 900 2915 transcurrere
917 2853 1058 2930 nimbus,

206 2956 364 3038 Idaeique
381 2955 491 3030 chori;
515 2966 586 3018 tum
603 2977 666 3019 vox
683 2957 850 3020 horrenda
867 2975 927 3037 per
943 2977 1040 3021 auras

206 3061 336 3123 Excidit
352 3070 386 3122 et
400 3061 526 3122 Troum
545 3061 811 3143 Rutulorumque
828 3062 964 3142 agmina
979 3063 1143 3144 complet:

205 3165 287 3227 “Ne
304 3165 469 3245 trepidate
486 3185 586 3240 meas,
605 3166 733 3241 Teucri,
752 3165 934 3229 defendere
951 3187 1062 3242 naves,

121 3291 162 3344 115
206 3270 300 3331 Neve
318 3279 445 3330 armate
463 3290 598 3346 manus;
625 3271 727 3332 maria
744 3279 822 3333 ante
839 3290 975 3332 exurere
992 3272 1116 3347 Turn0,

204 3372 314 3454 Quam
332 3393 444 3436 sacras
461 3374 593 3436 dabitur
610 3375 716 3455 pinus
765 3375 834 3438 Vos
851 3376 895 3436 ite
913 3375 1049 3451 solutae,

205 3478 256 3540 Ite
272 3479 356 3540 deae
373 3478 501 3558 pelagi;
527 3478 678 3560 genetrix
695 3479 816 3541 iubet.”
866 3480 909 3541 Et
926 3499 986 3542 sua
1003 3499 1154 3562 quaeque

203 3582 372 3646 Continuo
389 3602 519 3664 puppes
536 3584 740 3665 abrumpunt
755 3582 888 3646 vincula
905 3583 996 3664 ripiS,

205 3686 479 3768 Delphinumque
497 3688 595 3750 modo
611 3688 772 3750 demersis
789 3707 934 3769 aequora
952 3689 1067 3751 rostris

122 3813 165 3850 120
206 3791 279 3852 Ima
296 3800 423 3872 petunt.
473 3791 562 3853 Hinc
579 3792 800 3872 virgineae-
811 3791 960 3854 mirabile
977 3803 1205 3856 monstrum-
