2816 4282
476 291 591 345 LIBER
617 283 874 346 DUODECIMUS

255 471 316 535 His
329 471 414 536 actis
431 471 522 534 aliud
539 471 677 535 Genitor
693 491 805 534 secum
822 473 894 553 ipse
909 470 1046 546 volutat,

215 577 452 658 Iuturnamque
469 584 565 658 parat
581 575 693 639 fratris
710 575 875 638 dimittere
891 575 934 638 ab
951 576 1059 638 armis

134 689 178 755 845
216 680 375 743 Dicuntur
393 679 549 760 geminae
565 689 677 761 pestes
693 679 891 760 cognomine
910 679 1020 754 Dirae,

215 783 301 865 Quas
317 792 351 846 et
367 784 566 846 Tartaream
585 783 615 846 N
619 803 660 846 ox
676 784 877 864 intempesta
896 785 1090 864 Megaeram

215 889 287 952 Uno
303 886 492 968 eodemque
509 887 583 949 tulit
599 896 706 968 partu,
725 886 926 969 paribusque
943 888 1082 950 revinxit

214 992 414 1074 Serpentum
432 990 539 1073 spiris,
557 1001 779 1073 ventosasque
796 991 923 1054 addidit
939 993 1017 1054 alas.

215 1097 286 1160 Hae
306 1097 395 1160 lovis
412 1097 455 1159 ad
473 1096 590 1158 solium
608 1099 764 1179 saevique
780 1098 813 1159 in
832 1097 944 1160 limine
960 1095 1049 1178 regis

135 1209 178 1281 ⁸5⁰
213 1202 399 1283 Apparent‚
418 1211 607 1283 acuuntque
625 1211 749 1264 metum
766 1201 960 1264 mortalibus
976 1200 1094 1282 aegris,

216 1305 400 1387 Siquando
416 1305 520 1368 letum
537 1305 725 1368 horrificum
745 1305 943 1390 morbosque
959 1305 1058 1369 deum
1076 1324 1133 1368 rex

216 1410 359 1485 Molitur‚
378 1411 515 1472 meritas
531 1419 588 1472 aut
604 1409 691 1473 bello
709 1411 837 1472 territat
853 1409 960 1472 urbes.

256 1514 388 1576 Harum
406 1533 507 1576 unam
524 1515 664 1577 celerem
682 1513 815 1576 demisit
833 1515 874 1577 ab
892 1515 1026 1576 aethere
1044 1533 1173 1576 summo

216 1617 374 1699 Iuppiter,
392 1618 493 1699 Inque
509 1637 607 1680 omen
626 1618 784 1681 Iuturnae
800 1638 972 1681 occurrere
989 1617 1091 1680 iussit.

137 1730 178 1795 855
217 1722 277 1783 Illa
292 1722 391 1796 volat,
411 1721 577 1804 celerique
594 1722 635 1784 ad
652 1730 774 1784 terram
792 1721 923 1784 turbine
940 1721 1053 1784 Iert’ur.

217 1826 290 1888 Non
308 1845 406 1888 secus
423 1844 461 1888 ac
478 1845 579 1888 nervo
596 1845 656 1907 per
673 1825 793 1888 nubem
812 1826 956 1907 impulsa
972 1825 1103 1906 sagitta,

215 1929 388 1991 Armatam
403 1928 497 2002 ¹saevi
515 1929 656 1992 Parthus
673 1950 773 2011 quam
790 1929 869 1992 felle
885 1931 1015 2004 veneni,

216 2033 355 2096 Parthus
371 2033 440 2096 sive
457 2033 586 2118 Cydon,
603 2034 704 2096 telum
723 2034 975 2109 immedicabile,
992 2032 1095 2109 torsit,

215 2136 365 2200 Stridens
381 2146 416 2199 et
431 2138 556 2200 celeres
572 2137 742 2219 incognita
759 2137 900 2200 transilit
915 2137 1068 2213 umbras;

91 2257 95 2266 ’
137 2248 179 2298 860
215 2241 305 2303 Talis
322 2261 358 2303 se
375 2250 448 2304 sata
465 2242 574 2304 Nocte
590 2242 673 2317 tulit,
691 2250 863 2323 terrasque
880 2241 1005 2323 petivit.

216 2345 395 2427 Postquam
412 2347 502 2408 acies
518 2345 608 2409 videt
626 2346 745 2408 Iliacas
762 2355 862 2427 atque
879 2345 1013 2427 agmina
1029 2346 1143 2420 Turni,

214 2448 314 2510 Alitis
331 2448 363 2510 in
382 2469 505 2529 parvae
522 2449 664 2512 subitam
682 2449 821 2512 collecta
838 2449 987 2530 figuram,

215 2552 310 2633 Quae
328 2553 497 2634 quondam
515 2553 546 2615 in
564 2552 670 2616 bustis
687 2563 744 2615 aut
760 2552 958 2616 culminibus
975 2552 1114 2616 desertis

216 2657 323 2719 Nocte
340 2656 461 2719 sedens
478 2676 586 2720 serum
605 2657 693 2720 canit
708 2658 898 2738 importuna
914 2677 974 2738 per
991 2658 1143 2719 umbras:

136 2767 176 2834 8⁶5
218 2759 317 2822 Hanc
333 2779 430 2823 versa
445 2760 479 2822 in
496 2760 616 2824 faciem
634 2760 739 2823 Turni
755 2781 791 2823 se
808 2761 911 2842 pestis
926 2760 969 2823 ob
986 2781 1044 2824 ora

189 2879 192 2883 '
216 2864 363 2945 Fertque
380 2864 548 2946 refertque
565 2885 696 2938 sonans,
714 2864 925 2946 clipeumque
941 2863 1115 2927 everberat
1131 2863 1200 2926 alis.
1264 2933 1266 2940 ‚

217 2968 269 3030 llli
286 2967 435 3030 membra
451 2989 557 3031 novus
574 2970 670 3031 solvit
686 2968 864 3031 formidIne
881 2949 1001 3050 torpor,

215 3071 444 3153 Arrectaeque
462 3073 596 3136 horrore
612 3093 737 3148 comae,
755 3082 788 3135 et
804 3084 866 3135 vox
883 3072 1035 3134 faucibus
1053 3071 1167 3134 haesit.

215 3174 272 3250 At,
291 3175 407 3256 procul
423 3186 459 3239 ut
476 3177 578 3240 Dirae
595 3177 768 3240 stridorem
785 3175 945 3258 adgnovit
961 3186 995 3238 et
1011 3175 1089 3250 alas,

137 3287 180 3353 87⁰
218 3278 341 3342 Infelix
357 3280 464 3343 crines
481 3273 601 3344 scindit
618 3283 757 3344 Iuturna
773 3282 906 3354 solutos

218 3383 398 3465 Unguibus
414 3405 470 3449 ora
487 3405 579 3448 soror
596 3386 735 3448 foedans
752 3396 784 3448 et
803 3394 937 3466 pectora
953 3383 1094 3466 pugnis:

261 3487 382 3568 “Quid
399 3509 486 3552 nunc
503 3498 536 3552 te
552 3499 617 3566 tua,
636 3492 760 3566 Turne,
778 3498 889 3572 potest
904 3507 1064 3569 germana
1080 3487 1192 3550 iuvare

218 3591 288 3653 Aut
305 3592 383 3673 quid
400 3593 465 3654 iam
481 3594 583 3657 durae
600 3604 736 3675 superat
753 3593 855 3656 mihi?
879 3613 945 3675 qua
960 3592 1019 3655 tibi
1034 3591 1142 3654 lucem

217 3694 302 3757 Arte
320 3697 450 3758 morer?
473 3699 563 3760 talin’
581 3718 718 3780 possum
736 3719 788 3762 me
805 3717 975 3779 opponere
992 3695 1165 3759 monstro?

140 3806 179 3874 875
218 3799 291 3860 lam
307 3799 371 3861 iam
388 3800 502 3888 linquo
518 3802 613 3870 acies,
664 3805 717 3868 Ne
733 3823 786 3866 me
803 3809 923 3864 terrete
939 3802 1120 3874 timentem,
