2796 4282
488 311 603 364 LIBER
630 310 815 378 QUARTUS

182 495 209 569 Ι,
225 512 367 575 sequere
386 491 522 554 Italiam
538 490 656 566 ventis,
676 500 751 571 pete
767 510 872 572 regna
890 510 949 571 per
964 490 1079 554 undas.

183 597 288 679 Spero
306 596 465 679 equidem
484 595 610 671 mediiS,
628 595 655 657 si
672 595 751 676 quid
768 595 822 676 pia
839 595 976 669 numina
992 605 1141 677 possunt,

183 701 356 784 Supplicia
373 702 558 764 hausurum
575 700 730 781 scopulis,
748 709 781 764 et
798 701 932 764 nomine
951 700 1039 763 Dido

184 807 291 888 Saepe
309 814 517 870 vocaturum.
567 804 695 886 Sequar
712 805 791 866 atris
807 803 941 885 ignibus
958 805 1088 880 absens

99 925 144 990 385
184 912 234 987 Et,
252 931 328 974 cum
347 909 474 992 frigida
490 930 578 972 mors
594 908 705 972 anima
722 909 889 972 seduxerit
906 919 1006 985 artus,

182 1015 348 1080 Omnibus
366 1013 485 1077 umbra
502 1014 582 1077 locis
598 1014 707 1076 adero
758 1013 872 1089 Dabis,
890 1013 1050 1095 improbe,
1068 1035 1202 1096 poenas.

180 1119 338 1192 Audiam,
357 1129 391 1182 et
407 1119 490 1181 haec
509 1119 628 1182 Manes
644 1119 754 1181 veniet
771 1118 852 1181 mihi
869 1119 959 1180 fama
975 1118 1037 1180 sub
1053 1118 1167 1181 im0s'’

226 1224 292 1286 His
311 1223 459 1286 medium
476 1222 571 1286 dictis
588 1243 775 1308 sermonem
793 1222 969 1304 abrumpit,
987 1230 1021 1285 et
1036 1243 1133 1285 auras

180 1330 299 1410 Aegra
314 1328 413 1410 fugit,
433 1347 535 1410 seque
551 1348 592 1391 ex
609 1326 711 1390 oculis
728 1327 846 1390 avertit
862 1337 895 1390 et
911 1328 1031 1402 aufert,

96 1460 159 1511 390.
182 1433 357 1515 Linquens
374 1433 479 1494 multa
495 1442 586 1496 metu
603 1442 816 1494 cunctantem
833 1440 866 1494 et
883 1432 986 1494 multa
1002 1441 1175 1512 parantem

183 1537 315 1601 Dicere.
365 1536 560 1618 Suscipiunt
576 1536 731 1611 famulae,
750 1536 976 1618 conlapsaque
993 1535 1141 1598 membra

183 1644 374 1705 Marmoreo
391 1641 543 1704 referunt
559 1640 705 1703 thalamo
723 1640 899 1722 stratisque
917 1649 1091 1722 reponunt.

224 1747 274 1809 At
290 1745 366 1827 pius
384 1745 530 1820 Aeneas,
548 1765 751 1826 quamquam
770 1745 872 1806 lenire
889 1745 1056 1808 dolentem

182 1850 330 1914 Solando
348 1849 440 1930 cupit
456 1858 489 1912 et
504 1848 602 1912 dictis
618 1859 767 1912 avertere
784 1869 891 1924 curas,

94 1981 138 2033 395
182 1955 291 2018 Multa
308 1974 449 2036 gemens
465 1973 655 2036 magnoque
672 1955 819 2016 animum
838 1954 1024 2016 labefactus
1041 1974 1160 2028 amore,

181 2061 280 2122 Iussa
296 2068 409 2121 tamen
427 2058 539 2120 divum
557 2059 757 2140 exsequitur,
776 2059 984 2140 classemque
1001 2057 1120 2121 revisit.
1151 2133 1154 2138 Ι

179 2164 268 2226 Turn
285 2182 366 2226 vero
383 2162 506 2224 Teucri
521 2160 718 2225 incumbunt
734 2171 767 2225 et
783 2163 877 2226 litore
893 2163 1000 2225 celsas

181 2267 367 2330 Deducunt
382 2275 452 2329 toto
469 2286 581 2329 naves
631 2267 735 2329 Natat
752 2277 852 2330 uncta
868 2266 989 2343 carina,

181 2371 460 2452 Frondentesque
478 2371 591 2434 ferunt
607 2390 716 2433 remos
733 2379 766 2434 et
782 2371 900 2434 robora
916 2370 1007 2432 silvis

92 2503 137 2549 400
181 2474 399 2550 Infabricata,
418 2475 520 2555 fugae
537 2474 655 2538 studio.

183 2579 371 2660 Migrantes
389 2598 516 2654 cernas
535 2589 671 2660 totaque
688 2599 727 2642 ex
743 2577 824 2641 urbe
842 2588 983 2642 ruentes.

180 2684 234 2746 Ac
251 2684 342 2746 velut
360 2682 532 2764 ingentem
549 2682 708 2746 formicae
725 2684 821 2746 farris
838 2703 994 2746 acervum

181 2787 267 2851 Cum
287 2787 457 2869 populant,
476 2787 595 2851 hiemis
612 2807 785 2864 memoreS,
799 2797 952 2870 tectoque
970 2798 1153 2869 reponunt:

181 2893 214 2955 lt
230 2891 363 2974 nigrum
380 2891 508 2973 campis
526 2911 658 2973 agmen,
677 2892 901 2973 praedamque
919 2913 978 2973 per
995 2892 1115 2954 herbas

91 3024 138 3077 405
182 2997 393 3061 Convectant
409 2995 492 3059 calle
509 3007 672 3077 angusto;
698 3017 775 3078 pars
791 2996 931 3077 grandia
947 2995 1084 3059 trudunt

181 3099 335 3164 Obnixae
352 3101 522 3162 frumenta
538 3100 679 3176 umeris;
704 3121 782 3182 pars
799 3101 933 3181 agmina
951 3111 1076 3182 cogunt

180 3206 424 3287 Castigantque
440 3225 568 3280 moras;
594 3224 694 3286 opere
711 3207 818 3268 omnis
832 3207 949 3269 semita
965 3206 1080 3268 fervet.

225 3310 310 3392 Quis
326 3309 386 3372 tibi
401 3318 481 3386 tum,
502 3310 598 3385 Dido,
617 3310 767 3373 cernenti
783 3310 862 3373 talia
878 3329 1006 3385 sensuS,

182 3414 319 3496 Quosve
332 3414 436 3477 dabas
452 3416 606 3496 gemitus,
624 3435 700 3477 curn
719 3415 813 3477 litora
830 3416 959 3478 fervere
976 3416 1042 3478 late

91 3547 139 3594 410
181 3519 393 3600 Prospiceres
410 3538 486 3582 arce
502 3539 543 3581 ex
560 3538 697 3594 summa,
716 3529 887 3601 totumque
901 3519 1030 3583 videres

182 3623 320 3686 Misceri
335 3632 413 3687 ante
430 3623 543 3687 oculos
559 3624 660 3687 tantis
677 3623 875 3687 clamoribus
892 3624 1038 3706 aequor?

181 3727 340 3809 Improbe
357 3747 458 3803 amor,
477 3727 555 3810 quid
573 3748 638 3790 non
656 3728 806 3790 mortalia
825 3737 958 3809 pectora
976 3727 1090 3807 cogis?

181 3828 235 3896 Ire
253 3832 372 3899 iterum
389 3832 421 3894 in
440 3832 601 3906 lacrimas,
620 3831 739 3894 iterum
755 3841 920 3913 temptare
938 3831 1106 3913 precando
