<?xml version="1.0" encoding="UTF-8"?>
<!DOCTYPE html PUBLIC "-//W3C//DTD XHTML 1.0 Transitional//EN"
    "http://www.w3.org/TR/xhtml1/DTD/xhtml1-transitional.dtd">
<html xmlns="http://www.w3.org/1999/xhtml" xml:lang="en" lang="en">
 <head>
  <title>
</title>
<meta http-equiv="Content-Type" content="text/html;charset=utf-8" />
  <meta name='ocr-system' content='tesseract 3.04.00' />
  <meta name='ocr-capabilities' content='ocr_page ocr_carea ocr_par ocr_line ocrx_word'/>
</head>
<body>
  <div class='ocr_page' id='page_1' title='image "./virgilsaeneidbo00denngoog_0231.png"; bbox 0 0 2800 4286; ppageno 0'>
   <div class='ocr_carea' id='block_1_1' title="bbox 182 272 920 344">
    <p class='ocr_par' dir='ltr' id='par_1_1' title="bbox 182 272 920 344">
     <span class='ocr_line' id='line_1_1' title="bbox 182 272 920 344; baseline -0.005 -15"><span class='ocrx_word' id='word_1_1' title='bbox 182 283 245 344; x_wconf 81' lang='grc'><strong>214</strong></span> <span class='ocrx_word' id='word_1_2' title='bbox 538 273 695 324; x_wconf 87' lang='lat' dir='ltr'><strong>VERGlLl</strong></span> <span class='ocrx_word' id='word_1_3' title='bbox 722 272 920 325; x_wconf 85' lang='lat' dir='ltr'><strong>AENEIDOS</strong></span> 
     </span>
    </p>
   </div>
   <div class='ocr_carea' id='block_1_2' title="bbox 170 451 1283 3860">
    <p class='ocr_par' dir='ltr' id='par_1_2' title="bbox 181 451 1197 637">
     <span class='ocr_line' id='line_1_2' title="bbox 181 451 1197 533; baseline 0 -20"><span class='ocrx_word' id='word_1_4' title='bbox 181 471 229 506; x_wconf 89' lang='lat'><strong>220</strong></span> <span class='ocrx_word' id='word_1_5' title='bbox 270 451 362 514; x_wconf 89' lang='lat' dir='ltr'><strong>Felle</strong></span> <span class='ocrx_word' id='word_1_6' title='bbox 379 451 491 526; x_wconf 86' lang='lat' dir='ltr'><strong>dolor;</strong></span> <span class='ocrx_word' id='word_1_7' title='bbox 516 451 603 533; x_wconf 84' lang='lat' dir='ltr'>rapit</span> <span class='ocrx_word' id='word_1_8' title='bbox 619 472 711 514; x_wconf 87' lang='lat' dir='ltr'><strong>arma</strong></span> <span class='ocrx_word' id='word_1_9' title='bbox 728 471 828 514; x_wconf 93' lang='lat' dir='ltr'><strong>manu</strong></span> <span class='ocrx_word' id='word_1_10' title='bbox 846 451 1006 533; x_wconf 89' lang='lat' dir='ltr'><strong>nodisque</strong></span> <span class='ocrx_word' id='word_1_11' title='bbox 1023 461 1197 533; x_wconf 89' lang='lat' dir='ltr'><strong>gravatum</strong></span> 
     </span>
     <span class='ocr_line' id='line_1_3' title="bbox 271 555 1022 637; baseline 0 -20"><span class='ocrx_word' id='word_1_12' title='bbox 271 555 395 630; x_wconf 88' lang='lat' dir='ltr'>Robur,</span> <span class='ocrx_word' id='word_1_13' title='bbox 413 564 447 617; x_wconf 90' lang='lat' dir='ltr'><strong>et</strong></span> <span class='ocrx_word' id='word_1_14' title='bbox 463 555 543 618; x_wconf 73' lang='lat' dir='ltr'><strong>aerii</strong></span> <span class='ocrx_word' id='word_1_15' title='bbox 559 576 657 618; x_wconf 90' lang='lat' dir='ltr'><strong>cursu</strong></span> <span class='ocrx_word' id='word_1_16' title='bbox 674 555 758 637; x_wconf 89' lang='lat' dir='ltr'><strong>petit</strong></span> <span class='ocrx_word' id='word_1_17' title='bbox 774 555 876 617; x_wconf 88' lang='lat' dir='ltr'><strong>ardua</strong></span> <span class='ocrx_word' id='word_1_18' title='bbox 893 557 1022 618; x_wconf 90' lang='lat' dir='ltr'><strong>montis.</strong></span> 
     </span>
    </p>

    <p class='ocr_par' dir='ltr' id='par_1_3' title="bbox 313 658 1142 741">
     <span class='ocr_line' id='line_1_4' title="bbox 313 658 1142 741; baseline -0.001 -20"><span class='ocrx_word' id='word_1_19' title='bbox 313 661 399 721; x_wconf 89' lang='lat' dir='ltr'><strong>Tum</strong></span> <span class='ocrx_word' id='word_1_20' title='bbox 417 659 559 741; x_wconf 90' lang='lat' dir='ltr'><strong>primum</strong></span> <span class='ocrx_word' id='word_1_21' title='bbox 575 660 680 722; x_wconf 86' lang='lat' dir='ltr'>nostri</span> <span class='ocrx_word' id='word_1_22' title='bbox 698 658 824 722; x_wconf 87' lang='lat' dir='ltr'><strong>Cacum</strong></span> <span class='ocrx_word' id='word_1_23' title='bbox 841 660 953 722; x_wconf 87' lang='lat' dir='ltr'><strong>videre</strong></span> <span class='ocrx_word' id='word_1_24' title='bbox 968 659 1142 723; x_wconf 89' lang='lat' dir='ltr'><strong>timentem</strong></span> 
     </span>
    </p>

    <p class='ocr_par' dir='ltr' id='par_1_4' title="bbox 268 763 1089 846">
     <span class='ocr_line' id='line_1_5' title="bbox 268 763 1089 846; baseline 0 -19"><span class='ocrx_word' id='word_1_25' title='bbox 268 764 519 846; x_wconf 88' lang='lat' dir='ltr'><strong>Turbatumque</strong></span> <span class='ocrx_word' id='word_1_26' title='bbox 537 763 640 827; x_wconf 85' lang='lat' dir='ltr'><strong>oculis</strong></span> <span class='ocrx_word' id='word_1_27' title='bbox 650 785 657 841; x_wconf 90' lang='lat'>;</span> <span class='ocrx_word' id='word_1_28' title='bbox 683 764 770 845; x_wconf 80' lang='lat' dir='ltr'><strong>fugit</strong></span> <span class='ocrx_word' id='word_1_29' title='bbox 787 764 874 826; x_wconf 87' lang='lat' dir='ltr'>ilicet</span> <span class='ocrx_word' id='word_1_30' title='bbox 892 764 981 826; x_wconf 90' lang='lat' dir='ltr'><strong>ocior</strong></span> <span class='ocrx_word' id='word_1_31' title='bbox 998 765 1089 827; x_wconf 86' lang='lat' dir='ltr'>Euro</span> 
     </span>
    </p>

    <p class='ocr_par' dir='ltr' id='par_1_5' title="bbox 185 857 1196 1993">
     <span class='ocr_line' id='line_1_6' title="bbox 185 857 1180 951; baseline -0.003 -18"><span class='ocrx_word' id='word_1_32' title='bbox 185 857 190 862; x_wconf 47' lang='grc'>’</span> <span class='ocrx_word' id='word_1_33' title='bbox 269 869 538 950; x_wconf 86' lang='lat' dir='ltr'><strong>Speluncamque</strong></span> <span class='ocrx_word' id='word_1_34' title='bbox 556 868 657 950; x_wconf 90' lang='lat' dir='ltr'><strong>petit;</strong></span> <span class='ocrx_word' id='word_1_35' title='bbox 683 868 823 951; x_wconf 89' lang='lat' dir='ltr'><strong>pedibus</strong></span> <span class='ocrx_word' id='word_1_36' title='bbox 842 868 939 931; x_wconf 93' lang='lat' dir='ltr'><strong>timor</strong></span> <span class='ocrx_word' id='word_1_37' title='bbox 956 868 1083 932; x_wconf 86' lang='lat' dir='ltr'>addidit</span> <span class='ocrx_word' id='word_1_38' title='bbox 1100 869 1180 931; x_wconf 88' lang='lat' dir='ltr'><strong>alas.</strong></span> 
     </span>
     <span class='ocr_line' id='line_1_7' title="bbox 268 972 1059 1054; baseline -0.001 -18"><span class='ocrx_word' id='word_1_39' title='bbox 268 975 317 1038; x_wconf 92' lang='lat' dir='ltr'><strong>Ut</strong></span> <span class='ocrx_word' id='word_1_40' title='bbox 334 993 407 1036; x_wconf 88' lang='lat' dir='ltr'><strong>sese</strong></span> <span class='ocrx_word' id='word_1_41' title='bbox 423 972 565 1048; x_wconf 88' lang='lat' dir='ltr'><strong>inclusit,</strong></span> <span class='ocrx_word' id='word_1_42' title='bbox 584 975 756 1054; x_wconf 90' lang='lat' dir='ltr'><strong>ruptisque</strong></span> <span class='ocrx_word' id='word_1_43' title='bbox 772 975 916 1036; x_wconf 89' lang='lat' dir='ltr'><strong>immane</strong></span> <span class='ocrx_word' id='word_1_44' title='bbox 933 973 1059 1036; x_wconf 90' lang='lat' dir='ltr'><strong>catenis</strong></span> 
     </span>
     <span class='ocr_line' id='line_1_8' title="bbox 270 1076 1045 1160; baseline -0.001 -20"><span class='ocrx_word' id='word_1_45' title='bbox 270 1076 401 1140; x_wconf 81' lang='lat' dir='ltr'><strong>Deiecit</strong></span> <span class='ocrx_word' id='word_1_46' title='bbox 417 1097 542 1152; x_wconf 87' lang='lat' dir='ltr'><strong>saxum,</strong></span> <span class='ocrx_word' id='word_1_47' title='bbox 560 1079 648 1140; x_wconf 84' lang='lat' dir='ltr'><strong>ferro</strong></span> <span class='ocrx_word' id='word_1_48' title='bbox 665 1078 753 1160; x_wconf 92' lang='lat' dir='ltr'><strong>quod</strong></span> <span class='ocrx_word' id='word_1_49' title='bbox 771 1087 804 1140; x_wconf 89' lang='lat' dir='ltr'><strong>et</strong></span> <span class='ocrx_word' id='word_1_50' title='bbox 821 1087 890 1140; x_wconf 88' lang='lat' dir='ltr'><strong>arte</strong></span> <span class='ocrx_word' id='word_1_51' title='bbox 907 1087 1045 1159; x_wconf 88' lang='lat' dir='ltr'><strong>paterna</strong></span> 
     </span>
     <span class='ocr_line' id='line_1_9' title="bbox 269 1181 1037 1264; baseline 0 -21"><span class='ocrx_word' id='word_1_52' title='bbox 269 1181 448 1256; x_wconf 89' lang='lat' dir='ltr'><strong>Pendebat,</strong></span> <span class='ocrx_word' id='word_1_53' title='bbox 466 1181 635 1264; x_wconf 82' lang='lat' dir='ltr'><strong>fultosque</strong></span> <span class='ocrx_word' id='word_1_54' title='bbox 651 1181 789 1244; x_wconf 90' lang='lat' dir='ltr'><strong>emuniit</strong></span> <span class='ocrx_word' id='word_1_55' title='bbox 805 1181 899 1244; x_wconf 86' lang='lat' dir='ltr'><strong>obice</strong></span> <span class='ocrx_word' id='word_1_56' title='bbox 915 1193 1037 1263; x_wconf 77' lang='lat' dir='ltr'><strong>posteS,</strong></span> 
     </span>
     <span class='ocr_line' id='line_1_10' title="bbox 268 1285 1196 1370; baseline 0.001 -22"><span class='ocrx_word' id='word_1_57' title='bbox 268 1287 357 1348; x_wconf 90' lang='lat' dir='ltr'><strong>Ecce</strong></span> <span class='ocrx_word' id='word_1_58' title='bbox 374 1286 489 1348; x_wconf 79' lang='lat' dir='ltr'><strong>furens</strong></span> <span class='ocrx_word' id='word_1_59' title='bbox 506 1285 624 1348; x_wconf 90' lang='lat' dir='ltr'><strong>animis</strong></span> <span class='ocrx_word' id='word_1_60' title='bbox 641 1286 756 1349; x_wconf 88' lang='lat' dir='ltr'><strong>aderat</strong></span> <span class='ocrx_word' id='word_1_61' title='bbox 773 1286 977 1370; x_wconf 91' lang='lat' dir='ltr'><strong>Tirynthius,</strong></span> <span class='ocrx_word' id='word_1_62' title='bbox 996 1306 1196 1368; x_wconf 88' lang='lat' dir='ltr'><strong>omnemque</strong></span> 
     </span>
     <span class='ocr_line' id='line_1_11' title="bbox 267 1390 1063 1464; baseline 0.001 -12"><span class='ocrx_word' id='word_1_63' title='bbox 267 1391 453 1452; x_wconf 86' lang='lat' dir='ltr'>Accessum</span> <span class='ocrx_word' id='word_1_64' title='bbox 470 1390 613 1452; x_wconf 83' lang='lat' dir='ltr'>lustrans</span> <span class='ocrx_word' id='word_1_65' title='bbox 630 1391 694 1453; x_wconf 94' lang='lat' dir='ltr'><strong>huc</strong></span> <span class='ocrx_word' id='word_1_66' title='bbox 710 1411 768 1452; x_wconf 88' lang='lat' dir='ltr'><strong>ora</strong></span> <span class='ocrx_word' id='word_1_67' title='bbox 785 1390 913 1453; x_wconf 80' lang='lat' dir='ltr'><strong>ferebat</strong></span> <span class='ocrx_word' id='word_1_68' title='bbox 928 1400 961 1452; x_wconf 89' lang='lat' dir='ltr'><strong>et</strong></span> <span class='ocrx_word' id='word_1_69' title='bbox 977 1390 1063 1464; x_wconf 91' lang='lat' dir='ltr'><strong>illuc,</strong></span> 
     </span>
     <span class='ocr_line' id='line_1_12' title="bbox 268 1494 1124 1558; baseline 0.001 -2"><span class='ocrx_word' id='word_1_70' title='bbox 268 1494 435 1556; x_wconf 85' lang='lat' dir='ltr'><strong>Dentibus</strong></span> <span class='ocrx_word' id='word_1_71' title='bbox 453 1494 656 1557; x_wconf 80' lang='lat' dir='ltr'><strong>infrendens.</strong></span> <span class='ocrx_word' id='word_1_72' title='bbox 704 1496 772 1557; x_wconf 89' lang='lat' dir='ltr'><strong>Ter</strong></span> <span class='ocrx_word' id='word_1_73' title='bbox 786 1503 891 1557; x_wconf 89' lang='lat' dir='ltr'><strong>totum</strong></span> <span class='ocrx_word' id='word_1_74' title='bbox 909 1494 1057 1558; x_wconf 84' lang='lat' dir='ltr'><strong>fervidus</strong></span> <span class='ocrx_word' id='word_1_75' title='bbox 1074 1494 1124 1557; x_wconf 89' lang='lat' dir='ltr'><strong>ira</strong></span> 
     </span>
     <span class='ocr_line' id='line_1_13' title="bbox 268 1598 1112 1680; baseline 0.001 -20"><span class='ocrx_word' id='word_1_76' title='bbox 268 1599 405 1661; x_wconf 87' lang='lat' dir='ltr'><strong>Lustrat</strong></span> <span class='ocrx_word' id='word_1_77' title='bbox 420 1598 582 1661; x_wconf 90' lang='lat' dir='ltr'><strong>Aventini</strong></span> <span class='ocrx_word' id='word_1_78' title='bbox 599 1609 763 1675; x_wconf 89' lang='lat' dir='ltr'><strong>montem;</strong></span> <span class='ocrx_word' id='word_1_79' title='bbox 788 1608 838 1662; x_wconf 89' lang='lat' dir='ltr'><strong>ter</strong></span> <span class='ocrx_word' id='word_1_80' title='bbox 854 1619 953 1660; x_wconf 88' lang='lat' dir='ltr'><strong>saxea</strong></span> <span class='ocrx_word' id='word_1_81' title='bbox 969 1608 1112 1680; x_wconf 89' lang='lat' dir='ltr'><strong>temptat</strong></span> 
     </span>
     <span class='ocr_line' id='line_1_14' title="bbox 268 1703 1087 1785; baseline -0.002 -20"><span class='ocrx_word' id='word_1_82' title='bbox 268 1703 400 1765; x_wconf 85' lang='lat' dir='ltr'><strong>Limina</strong></span> <span class='ocrx_word' id='word_1_83' title='bbox 417 1703 636 1785; x_wconf 80' lang='lat' dir='ltr'><strong>nequiquam3</strong></span> <span class='ocrx_word' id='word_1_84' title='bbox 661 1713 711 1764; x_wconf 88' lang='lat' dir='ltr'><strong>ter</strong></span> <span class='ocrx_word' id='word_1_85' title='bbox 728 1703 837 1765; x_wconf 83' lang='lat' dir='ltr'><strong>lessus</strong></span> <span class='ocrx_word' id='word_1_86' title='bbox 854 1703 940 1765; x_wconf 93' lang='lat' dir='ltr'><strong>valle</strong></span> <span class='ocrx_word' id='word_1_87' title='bbox 956 1703 1087 1765; x_wconf 88' lang='lat' dir='ltr'><strong>resedit.</strong></span> 
     </span>
     <span class='ocr_line' id='line_1_15' title="bbox 267 1806 1048 1888; baseline -0.001 -19"><span class='ocrx_word' id='word_1_88' title='bbox 267 1807 385 1870; x_wconf 84' lang='lat' dir='ltr'><strong>Stabat</strong></span> <span class='ocrx_word' id='word_1_89' title='bbox 401 1816 499 1868; x_wconf 90' lang='lat' dir='ltr'><strong>acuta</strong></span> <span class='ocrx_word' id='word_1_90' title='bbox 516 1808 605 1880; x_wconf 88' lang='lat' dir='ltr'><strong>silex,</strong></span> <span class='ocrx_word' id='word_1_91' title='bbox 624 1806 781 1888; x_wconf 89' lang='lat' dir='ltr'><strong>praecisis</strong></span> <span class='ocrx_word' id='word_1_92' title='bbox 797 1807 944 1888; x_wconf 89' lang='lat' dir='ltr'><strong>undique</strong></span> <span class='ocrx_word' id='word_1_93' title='bbox 961 1806 1048 1868; x_wconf 87' lang='lat' dir='ltr'><strong>saxis</strong></span> 
     </span>
     <span class='ocr_line' id='line_1_16' title="bbox 267 1910 1046 1993; baseline 0 -20"><span class='ocrx_word' id='word_1_94' title='bbox 267 1910 455 1993; x_wconf 88' lang='lat' dir='ltr'><strong>Speluncae</strong></span> <span class='ocrx_word' id='word_1_95' title='bbox 472 1911 569 1972; x_wconf 90' lang='lat' dir='ltr'><strong>dorso</strong></span> <span class='ocrx_word' id='word_1_96' title='bbox 586 1912 772 1990; x_wconf 83' lang='lat' dir='ltr'><strong>insurgens,</strong></span> <span class='ocrx_word' id='word_1_97' title='bbox 790 1910 949 1972; x_wconf 88' lang='lat' dir='ltr'><strong>altissima</strong></span> <span class='ocrx_word' id='word_1_98' title='bbox 965 1910 1046 1986; x_wconf 92' lang='lat' dir='ltr'><strong>visu,</strong></span> 
     </span>
    </p>

    <p class='ocr_par' dir='ltr' id='par_1_6' title="bbox 170 2002 1242 2615">
     <span class='ocr_line' id='line_1_17' title="bbox 170 2002 1066 2095; baseline 0 -19"><span class='ocrx_word' id='word_1_99' title='bbox 170 2002 172 2006; x_wconf 36' lang='lat'>¹</span> <span class='ocrx_word' id='word_1_100' title='bbox 267 2010 430 2076; x_wconf 90' lang='lat' dir='ltr'><strong>Dirarum</strong></span> <span class='ocrx_word' id='word_1_101' title='bbox 442 2014 528 2076; x_wconf 90' lang='lat' dir='ltr'><strong>nidis</strong></span> <span class='ocrx_word' id='word_1_102' title='bbox 545 2015 662 2077; x_wconf 94' lang='lat' dir='ltr'><strong>domus</strong></span> <span class='ocrx_word' id='word_1_103' title='bbox 679 2023 868 2095; x_wconf 90' lang='lat' dir='ltr'><strong>opportuna</strong></span> <span class='ocrx_word' id='word_1_104' title='bbox 883 2015 1066 2077; x_wconf 79' lang='lat' dir='ltr'><strong>volucrum·</strong></span> 
     </span>
     <span class='ocr_line' id='line_1_18' title="bbox 268 2117 1242 2199; baseline 0.002 -19"><span class='ocrx_word' id='word_1_105' title='bbox 268 2119 376 2195; x_wconf 93' lang='lat' dir='ltr'><strong>Hanc,</strong></span> <span class='ocrx_word' id='word_1_106' title='bbox 395 2128 432 2181; x_wconf 91' lang='lat' dir='ltr'><strong>ut</strong></span> <span class='ocrx_word' id='word_1_107' title='bbox 448 2139 553 2199; x_wconf 87' lang='lat' dir='ltr'><strong>prona</strong></span> <span class='ocrx_word' id='word_1_108' title='bbox 570 2118 648 2199; x_wconf 86' lang='lat' dir='ltr'><strong>iugo</strong></span> <span class='ocrx_word' id='word_1_109' title='bbox 664 2117 795 2180; x_wconf 91' lang='lat' dir='ltr'><strong>laevum</strong></span> <span class='ocrx_word' id='word_1_110' title='bbox 811 2118 1025 2181; x_wconf 89' lang='lat' dir='ltr'><strong>incumbebat</strong></span> <span class='ocrx_word' id='word_1_111' title='bbox 1040 2118 1082 2181; x_wconf 86' lang='lat' dir='ltr'><strong>ad</strong></span> <span class='ocrx_word' id='word_1_112' title='bbox 1099 2139 1242 2195; x_wconf 88' lang='lat' dir='ltr'><strong>amnem,</strong></span> 
     </span>
     <span class='ocr_line' id='line_1_19' title="bbox 267 2221 1098 2298; baseline 0 -13"><span class='ocrx_word' id='word_1_113' title='bbox 267 2224 395 2285; x_wconf 88' lang='lat' dir='ltr'><strong>Dexter</strong></span> <span class='ocrx_word' id='word_1_114' title='bbox 410 2224 444 2284; x_wconf 89' lang='lat' dir='ltr'><strong>in</strong></span> <span class='ocrx_word' id='word_1_115' title='bbox 462 2223 638 2285; x_wconf 85' lang='lat' dir='ltr'><strong>adversum</strong></span> <span class='ocrx_word' id='word_1_116' title='bbox 655 2221 765 2284; x_wconf 93' lang='lat' dir='ltr'><strong>nitens</strong></span> <span class='ocrx_word' id='word_1_117' title='bbox 782 2222 958 2298; x_wconf 89' lang='lat' dir='ltr'><strong>concussit,</strong></span> <span class='ocrx_word' id='word_1_118' title='bbox 975 2232 1008 2285; x_wconf 89' lang='lat' dir='ltr'><strong>et</strong></span> <span class='ocrx_word' id='word_1_119' title='bbox 1024 2222 1098 2285; x_wconf 90' lang='lat' dir='ltr'><strong>imis</strong></span> 
     </span>
     <span class='ocr_line' id='line_1_20' title="bbox 266 2325 1002 2408; baseline 0.001 -20"><span class='ocrx_word' id='word_1_120' title='bbox 266 2327 430 2389; x_wconf 86' lang='lat' dir='ltr'><strong>Avulsam</strong></span> <span class='ocrx_word' id='word_1_121' title='bbox 448 2326 544 2388; x_wconf 90' lang='lat' dir='ltr'><strong>solvit</strong></span> <span class='ocrx_word' id='word_1_122' title='bbox 560 2325 744 2402; x_wconf 89' lang='lat' dir='ltr'><strong>radicibus;</strong></span> <span class='ocrx_word' id='word_1_123' title='bbox 769 2325 846 2388; x_wconf 90' lang='lat' dir='ltr'><strong>inde</strong></span> <span class='ocrx_word' id='word_1_124' title='bbox 863 2337 1002 2408; x_wconf 86' lang='lat' dir='ltr'><strong>repente</strong></span> 
     </span>
     <span class='ocr_line' id='line_1_21' title="bbox 266 2429 1140 2511; baseline 0 -19"><span class='ocrx_word' id='word_1_125' title='bbox 266 2430 422 2510; x_wconf 78' lang='lat' dir='ltr'><strong>Imp&#39;ulit3</strong></span> <span class='ocrx_word' id='word_1_126' title='bbox 447 2429 592 2509; x_wconf 91' lang='lat' dir='ltr'><strong>impulsu</strong></span> <span class='ocrx_word' id='word_1_127' title='bbox 609 2451 674 2511; x_wconf 90' lang='lat' dir='ltr'><strong>quo</strong></span> <span class='ocrx_word' id='word_1_128' title='bbox 692 2432 853 2491; x_wconf 84' lang='lat' dir='ltr'><strong>maximus</strong></span> <span class='ocrx_word' id='word_1_129' title='bbox 869 2429 998 2493; x_wconf 88' lang='lat' dir='ltr'><strong>intonat</strong></span> <span class='ocrx_word' id='word_1_130' title='bbox 1015 2431 1140 2504; x_wconf 83' lang='lat' dir='ltr'><strong>aether,</strong></span> 
     </span>
     <span class='ocr_line' id='line_1_22' title="bbox 266 2533 1074 2615; baseline 0 -20"><span class='ocrx_word' id='word_1_131' title='bbox 266 2533 455 2596; x_wconf 87' lang='lat' dir='ltr'><strong>Dissultant</strong></span> <span class='ocrx_word' id='word_1_132' title='bbox 472 2533 563 2614; x_wconf 90' lang='lat' dir='ltr'><strong>ripae</strong></span> <span class='ocrx_word' id='word_1_133' title='bbox 579 2533 752 2615; x_wconf 86' lang='lat' dir='ltr'><strong>refluitque</strong></span> <span class='ocrx_word' id='word_1_134' title='bbox 769 2533 942 2596; x_wconf 86' lang='lat' dir='ltr'><strong>exterritus</strong></span> <span class='ocrx_word' id='word_1_135' title='bbox 958 2536 1074 2596; x_wconf 88' lang='lat' dir='ltr'><strong>amnis.</strong></span> 
     </span>
    </p>

    <p class='ocr_par' dir='ltr' id='par_1_7' title="bbox 264 2636 1158 3235">
     <span class='ocr_line' id='line_1_23' title="bbox 308 2636 1158 2718; baseline 0 -19"><span class='ocrx_word' id='word_1_136' title='bbox 308 2637 357 2699; x_wconf 93' lang='lat' dir='ltr'><strong>At</strong></span> <span class='ocrx_word' id='word_1_137' title='bbox 374 2658 493 2718; x_wconf 89' lang='lat' dir='ltr'><strong>specus</strong></span> <span class='ocrx_word' id='word_1_138' title='bbox 511 2647 543 2699; x_wconf 90' lang='lat' dir='ltr'><strong>et</strong></span> <span class='ocrx_word' id='word_1_139' title='bbox 561 2636 641 2701; x_wconf 88' lang='lat' dir='ltr'><strong>Caci</strong></span> <span class='ocrx_word' id='word_1_140' title='bbox 657 2637 788 2700; x_wconf 89' lang='lat' dir='ltr'><strong>detecta</strong></span> <span class='ocrx_word' id='word_1_141' title='bbox 805 2638 961 2718; x_wconf 89' lang='lat' dir='ltr'><strong>apparuit</strong></span> <span class='ocrx_word' id='word_1_142' title='bbox 976 2638 1096 2718; x_wconf 88' lang='lat' dir='ltr'><strong>ingens</strong></span> <span class='ocrx_word' id='word_1_143' title='bbox 1152 2653 1158 2660; x_wconf 89' lang='lat'>·</span> 
     </span>
     <span class='ocr_line' id='line_1_24' title="bbox 267 2733 1128 2822; baseline 0.001 -19"><span class='ocrx_word' id='word_1_144' title='bbox 267 2741 383 2822; x_wconf 89' lang='lat' dir='ltr'><strong>Regia,</strong></span> <span class='ocrx_word' id='word_1_145' title='bbox 402 2750 435 2803; x_wconf 92' lang='lat' dir='ltr'><strong>et</strong></span> <span class='ocrx_word' id='word_1_146' title='bbox 452 2733 626 2802; x_wconf 77' lang='lat' dir='ltr'><strong>umbrosae</strong></span> <span class='ocrx_word' id='word_1_147' title='bbox 644 2743 776 2821; x_wconf 86' lang='lat' dir='ltr'><strong>penitus</strong></span> <span class='ocrx_word' id='word_1_148' title='bbox 794 2752 930 2822; x_wconf 88' lang='lat' dir='ltr'><strong>patuere</strong></span> <span class='ocrx_word' id='word_1_149' title='bbox 947 2762 1128 2804; x_wconf 87' lang='lat' dir='ltr'><strong>cavernae:</strong></span> 
     </span>
     <span class='ocr_line' id='line_1_25' title="bbox 266 2835 1146 2926; baseline 0.002 -20"><span class='ocrx_word' id='word_1_150' title='bbox 266 2846 344 2907; x_wconf 93' lang='lat' dir='ltr'><strong>Non</strong></span> <span class='ocrx_word' id='word_1_151' title='bbox 362 2865 468 2918; x_wconf 89' lang='lat' dir='ltr'><strong>secus,</strong></span> <span class='ocrx_word' id='word_1_152' title='bbox 486 2865 524 2907; x_wconf 90' lang='lat' dir='ltr'><strong>ae</strong></span> <span class='ocrx_word' id='word_1_153' title='bbox 542 2844 569 2906; x_wconf 90' lang='lat' dir='ltr'><strong>si</strong></span> <span class='ocrx_word' id='word_1_154' title='bbox 586 2866 652 2926; x_wconf 92' lang='lat' dir='ltr'><strong>qua</strong></span> <span class='ocrx_word' id='word_1_155' title='bbox 668 2847 801 2925; x_wconf 85' lang='lat' dir='ltr'><strong>penitus</strong></span> <span class='ocrx_word' id='word_1_156' title='bbox 817 2846 850 2908; x_wconf 91' lang='lat' dir='ltr'><strong>vi</strong></span> <span class='ocrx_word' id='word_1_157' title='bbox 865 2835 953 2908; x_wconf 86' lang='lat' dir='ltr'><strong>terra</strong></span> <span class='ocrx_word' id='word_1_158' title='bbox 970 2845 1146 2908; x_wconf 90' lang='lat' dir='ltr'><strong>dehiscens</strong></span> 
     </span>
     <span class='ocr_line' id='line_1_26' title="bbox 265 2949 1009 3030; baseline 0.003 -19"><span class='ocrx_word' id='word_1_159' title='bbox 265 2949 421 3011; x_wconf 84' lang='lat' dir='ltr'><strong>Infernas</strong></span> <span class='ocrx_word' id='word_1_160' title='bbox 438 2958 561 3011; x_wconf 91' lang='lat' dir='ltr'><strong>reseret</strong></span> <span class='ocrx_word' id='word_1_161' title='bbox 579 2949 675 3011; x_wconf 88' lang='lat' dir='ltr'><strong>sedes</strong></span> <span class='ocrx_word' id='word_1_162' title='bbox 691 2959 725 3011; x_wconf 91' lang='lat' dir='ltr'><strong>et</strong></span> <span class='ocrx_word' id='word_1_163' title='bbox 740 2970 844 3030; x_wconf 88' lang='lat' dir='ltr'><strong>regna</strong></span> <span class='ocrx_word' id='word_1_164' title='bbox 860 2950 1009 3013; x_wconf 87' lang='lat' dir='ltr'><strong>recludat</strong></span> 
     </span>
     <span class='ocr_line' id='line_1_27' title="bbox 264 3052 1158 3134; baseline 0 -20"><span class='ocrx_word' id='word_1_165' title='bbox 264 3052 399 3127; x_wconf 86' lang='lat' dir='ltr'><strong>Pallida,</strong></span> <span class='ocrx_word' id='word_1_166' title='bbox 418 3052 469 3114; x_wconf 89' lang='lat' dir='ltr'><strong>dis</strong></span> <span class='ocrx_word' id='word_1_167' title='bbox 485 3053 600 3126; x_wconf 88' lang='lat' dir='ltr'><strong>invisa,</strong></span> <span class='ocrx_word' id='word_1_168' title='bbox 620 3073 787 3134; x_wconf 88' lang='lat' dir='ltr'><strong>superque</strong></span> <span class='ocrx_word' id='word_1_169' title='bbox 803 3055 948 3116; x_wconf 89' lang='lat' dir='ltr'><strong>immane</strong></span> <span class='ocrx_word' id='word_1_170' title='bbox 963 3053 1158 3115; x_wconf 88' lang='lat' dir='ltr'><strong>barathrum</strong></span> 
     </span>
     <span class='ocr_line' id='line_1_28' title="bbox 265 3155 1080 3235; baseline -0.002 -15"><span class='ocrx_word' id='word_1_171' title='bbox 265 3157 437 3231; x_wconf 88' lang='lat' dir='ltr'><strong>Cernatur,</strong></span> <span class='ocrx_word' id='word_1_172' title='bbox 457 3155 625 3235; x_wconf 86' lang='lat' dir='ltr'><strong>trepident</strong></span> <span class='ocrx_word' id='word_1_173' title='bbox 642 3157 790 3218; x_wconf 90' lang='lat' dir='ltr'><strong>immisso</strong></span> <span class='ocrx_word' id='word_1_174' title='bbox 808 3157 931 3220; x_wconf 92' lang='lat' dir='ltr'><strong>lumine</strong></span> <span class='ocrx_word' id='word_1_175' title='bbox 949 3158 1080 3219; x_wconf 89' lang='lat' dir='ltr'><strong>Manes.</strong></span> 
     </span>
    </p>

    <p class='ocr_par' dir='ltr' id='par_1_8' title="bbox 265 3260 1150 3551">
     <span class='ocr_line' id='line_1_29' title="bbox 265 3260 1058 3342; baseline 0.003 -21"><span class='ocrx_word' id='word_1_176' title='bbox 265 3260 355 3340; x_wconf 88' lang='lat' dir='ltr'><strong>Ergo</strong></span> <span class='ocrx_word' id='word_1_177' title='bbox 372 3261 542 3339; x_wconf 88' lang='lat' dir='ltr'><strong>insperata</strong></span> <span class='ocrx_word' id='word_1_178' title='bbox 560 3260 760 3340; x_wconf 90' lang='lat' dir='ltr'><strong>deprensum</strong></span> <span class='ocrx_word' id='word_1_179' title='bbox 779 3260 812 3322; x_wconf 93' lang='lat' dir='ltr'><strong>in</strong></span> <span class='ocrx_word' id='word_1_180' title='bbox 830 3260 903 3324; x_wconf 90' lang='lat' dir='ltr'><strong>luce</strong></span> <span class='ocrx_word' id='word_1_181' title='bbox 919 3270 1058 3342; x_wconf 88' lang='lat' dir='ltr'><strong>repente</strong></span> 
     </span>
     <span class='ocr_line' id='line_1_30' title="bbox 265 3365 1150 3446; baseline 0.002 -21"><span class='ocrx_word' id='word_1_182' title='bbox 265 3365 501 3445; x_wconf 87' lang='lat' dir='ltr'><strong>Inclusumque</strong></span> <span class='ocrx_word' id='word_1_183' title='bbox 519 3384 601 3427; x_wconf 87' lang='lat' dir='ltr'><strong>cavo</strong></span> <span class='ocrx_word' id='word_1_184' title='bbox 617 3385 695 3426; x_wconf 88' lang='lat' dir='ltr'><strong>saxo</strong></span> <span class='ocrx_word' id='word_1_185' title='bbox 713 3375 812 3446; x_wconf 88' lang='lat' dir='ltr'><strong>atque</strong></span> <span class='ocrx_word' id='word_1_186' title='bbox 829 3365 958 3428; x_wconf 90' lang='lat' dir='ltr'><strong>insueta</strong></span> <span class='ocrx_word' id='word_1_187' title='bbox 974 3366 1150 3427; x_wconf 89' lang='lat' dir='ltr'><strong>rudentem</strong></span> 
     </span>
     <span class='ocr_line' id='line_1_31' title="bbox 265 3468 1118 3551; baseline 0.004 -23"><span class='ocrx_word' id='word_1_188' title='bbox 265 3468 419 3548; x_wconf 91' lang='lat' dir='ltr'><strong>Desuper</strong></span> <span class='ocrx_word' id='word_1_189' title='bbox 438 3468 575 3531; x_wconf 89' lang='lat' dir='ltr'><strong>Alcides</strong></span> <span class='ocrx_word' id='word_1_190' title='bbox 591 3468 666 3530; x_wconf 85' lang='lat' dir='ltr'><strong>telis</strong></span> <span class='ocrx_word' id='word_1_191' title='bbox 684 3469 811 3549; x_wconf 89' lang='lat' dir='ltr'><strong>premit,</strong></span> <span class='ocrx_word' id='word_1_192' title='bbox 831 3470 1008 3551; x_wconf 90' lang='lat' dir='ltr'><strong>omniaque</strong></span> <span class='ocrx_word' id='word_1_193' title='bbox 1025 3489 1118 3531; x_wconf 87' lang='lat' dir='ltr'><strong>arma</strong></span> 
     </span>
    </p>

    <p class='ocr_par' dir='ltr' id='par_1_9' title="bbox 176 3572 1283 3860">
     <span class='ocr_line' id='line_1_32' title="bbox 176 3572 1101 3654; baseline 0.006 -24"><span class='ocrx_word' id='word_1_194' title='bbox 176 3595 223 3647; x_wconf 84' lang='lat'><strong>250</strong></span> <span class='ocrx_word' id='word_1_195' title='bbox 261 3572 424 3644; x_wconf 90' lang='lat' dir='ltr'><strong>Advocat,</strong></span> <span class='ocrx_word' id='word_1_196' title='bbox 445 3582 478 3634; x_wconf 87' lang='lat' dir='ltr'><strong>et</strong></span> <span class='ocrx_word' id='word_1_197' title='bbox 495 3573 594 3634; x_wconf 92' lang='lat' dir='ltr'><strong>ramis</strong></span> <span class='ocrx_word' id='word_1_198' title='bbox 610 3575 779 3654; x_wconf 90' lang='lat' dir='ltr'><strong>vastisque</strong></span> <span class='ocrx_word' id='word_1_199' title='bbox 797 3574 976 3637; x_wconf 89' lang='lat' dir='ltr'><strong>molaribus</strong></span> <span class='ocrx_word' id='word_1_200' title='bbox 992 3574 1101 3637; x_wconf 86' lang='lat' dir='ltr'><strong>instat.</strong></span> 
     </span>
     <span class='ocr_line' id='line_1_33' title="bbox 266 3677 1283 3760; baseline 0.005 -24"><span class='ocrx_word' id='word_1_201' title='bbox 266 3677 326 3738; x_wconf 91' lang='lat' dir='ltr'><strong>Ille</strong></span> <span class='ocrx_word' id='word_1_202' title='bbox 344 3686 453 3738; x_wconf 86' lang='lat' dir='ltr'><strong>autem</strong></span> <span class='ocrx_word' id='word_1_203' title='bbox 465 3697 626 3757; x_wconf 91' lang='lat' dir='ltr'><strong>-neque</strong></span> <span class='ocrx_word' id='word_1_204' title='bbox 644 3677 731 3738; x_wconf 90' lang='lat' dir='ltr'><strong>enim</strong></span> <span class='ocrx_word' id='word_1_205' title='bbox 745 3678 827 3759; x_wconf 84' lang='lat' dir='ltr'><strong>fuga</strong></span> <span class='ocrx_word' id='word_1_206' title='bbox 840 3680 905 3740; x_wconf 90' lang='lat' dir='ltr'><strong>iam</strong></span> <span class='ocrx_word' id='word_1_207' title='bbox 920 3699 1020 3759; x_wconf 90' lang='lat' dir='ltr'><strong>super</strong></span> <span class='ocrx_word' id='word_1_208' title='bbox 1032 3679 1099 3741; x_wconf 91' lang='lat' dir='ltr'><strong>ulla</strong></span> <span class='ocrx_word' id='word_1_209' title='bbox 1116 3679 1283 3760; x_wconf 88' lang='lat' dir='ltr'><strong>pericli—</strong></span> 
     </span>
     <span class='ocr_line' id='line_1_34' title="bbox 265 3779 1141 3860; baseline 0.007 -19"><span class='ocrx_word' id='word_1_210' title='bbox 265 3779 432 3842; x_wconf 90' lang='lat' dir='ltr'><strong>Faucibus</strong></span> <span class='ocrx_word' id='word_1_211' title='bbox 449 3779 618 3860; x_wconf 85' lang='lat' dir='ltr'><strong>ingentem</strong></span> <span class='ocrx_word' id='word_1_212' title='bbox 637 3781 766 3842; x_wconf 81' lang='lat' dir='ltr'><strong>fumum</strong></span> <span class='ocrx_word' id='word_1_213' title='bbox 777 3783 979 3846; x_wconf 90' lang='lat' dir='ltr'><strong>-mirabile</strong></span> <span class='ocrx_word' id='word_1_214' title='bbox 996 3783 1086 3847; x_wconf 90' lang='lat' dir='ltr'><strong>dictu</strong></span> <span class='ocrx_word' id='word_1_215' title='bbox 1096 3819 1141 3830; x_wconf 91' lang='lat'><strong>--</strong></span> 
     </span>
    </p>
   </div>
   <div class='ocr_carea' id='block_1_3' title="bbox 0 0 1404 4286">
    <p class='ocr_par' dir='ltr' id='par_1_10' title="bbox 0 0 1404 4286">
     <span class='ocr_line' id='line_1_35' title="bbox 0 0 1404 4286; baseline 0 1"><span class='ocrx_word' id='word_1_216' title='bbox 0 0 1404 4286; x_wconf 95' lang='lat' dir='ltr'><strong> </strong></span> 
     </span>
    </p>
   </div>
  </div>
 </body>
</html>
