2822 4294
529 327 642 379 LIBER
668 327 814 380 PRIMUS

199 507 374 590 Obstipuit
391 505 493 570 simul
509 505 580 587 ipse
598 506 695 568 simul
712 526 889 587 percussus
906 507 1055 571 Achates

201 612 412 693 Laetitiaque
431 617 608 692 metaque3
633 610 720 673 avidi
737 611 939 692 coniungere
956 611 1088 676 dextras

119 744 144 795 5¹
151 743 163 795 ς
202 703 398 791 [lrdebant3
424 715 484 778 sed
502 721 553 776 res
570 714 698 777 animes
714 716 884 797 incognita
901 717 1020 779 turbat.

205 821 436 896 Dissimulant,
454 829 488 882 et
504 818 592 882 nabe
608 827 690 883 cava
708 822 922 903 speculantur
938 823 1058 897 amicti,
1145 813 1146 816 '

203 925 298 1007 Quae
316 925 456 994 {ortana
471 923 557 997 viris,
576 924 717 986 classem
734 933 800 1006 que
817 925 910 988 litore
926 925 1088 1006 linquant,

204 1029 294 1112 Quid
309 1029 467 1092 veniant:
492 1036 620 1091 cunctis
638 1049 714 1091 nam
732 1030 808 1092 lecti
825 1029 963 1092 navibus
979 1031 1080 1106 ibant,

203 1119 349 1208 Orantes
366 1135 509 1209 veniam,
520 1145 559 1206 ¹et
577 1135 738 1215 templum
757 1136 901 1197 clamare
918 1134 1085 1215 petebant.

118 1265 162 1316 520
249 1240 430 1321 Postquam
447 1239 641 1321 intregressi
657 1249 689 1302 et
706 1246 817 1301 caram
835 1239 912 1301 data
929 1239 1024 1320 copia
1041 1238 1143 1314 fandi,

206 1344 374 1406 Maximus
392 1329 538 1406 Ilioneus
555 1343 687 1426 placide
704 1352 749 1406 sic
768 1353 902 1425 pectore
919 1342 1046 1424 coepit:

249 1433 310 1511 “6
327 1455 453 1528 regina,
471 1467 591 1510 novam
608 1447 662 1510 cui
678 1447 821 1510 condere
840 1449 991 1528 Iuppiter
1007 1446 1120 1509 urbem

206 1551 404 1633 Iustitiaque
420 1551 511 1614 dedit
526 1559 644 1633 gentes
661 1552 793 1614 frenare
811 1553 980 1632 superbas

204 1657 309 1719 Trees
325 1663 359 1718 te
376 1658 495 1731 miseri,
512 1667 621 1719 ventis
638 1656 741 1718 maria
756 1656 866 1718 omnia
883 1665 976 1730 vecti,

117 1786 162 1839 5²5
206 1746 370 1824 Oramus:
397 1759 535 1841 prohibe
551 1762 708 1824 inlandes
724 1767 743 1822 a
760 1761 900 1822 navibus
915 1767 1020 1841 ignee,

207 1865 308 1928 Parce
324 1865 380 1947 pia
396 1875 519 1945 generi,
537 1875 570 1928 et
587 1866 722 1947 propius
739 1872 791 1927 res
808 1864 919 1946 aspice
937 1871 1074 1927 nostras.

207 1970 284 2032 Nan
300 1977 362 2031 nes
379 1978 437 2030 aut
452 1969 542 2058 ferra
559 1969 703 2053 Libycas
720 1969 881 2050 populare
899 1969 1040 2030 Penates

205 2073 376 2149 Venimus
395 2084 453 2135 aut
469 2081 582 2155 raptas
599 2075 640 2136 ad
658 2075 752 2136 litora
768 2083 898 2136 vertere
916 2074 1075 2154 praedas;

207 2179 282 2240 Nan
299 2197 339 2240 ea
355 2187 405 2240 vis
422 2178 541 2254 anima,
560 2199 621 2241 nec
637 2187 731 2240 tanta
748 2177 903 2258 superbia
919 2179 1024 2240 victis.

116 2310 163 2361 530
250 2282 342 2345 “Est
359 2283 460 2357 locus
481 2283 681 2364 Hesperiam
700 2284 779 2346 Grai
796 2283 993 2364 cognomine
1011 2283 1133 2356 dicunt,

204 2386 309 2449 Terra
326 2396 471 2468 antiqua,
491 2395 609 2468 potens
626 2396 725 2449 armis
743 2397 842 2469 atque
860 2387 959 2449 ubere
975 2385 1134 2466 glaebae;

206 2491 348 2555 Oenetri
364 2492 495 2554 coluere
510 2491 589 2566 viri;
615 2511 703 2554 nunc
720 2492 820 2566 fama,
839 2491 982 2554 minares

205 2580 338 2657 ltaliam
355 2595 477 2657 dixisse
492 2595 586 2658 ducis
603 2595 645 2658 de
661 2595 795 2658 nemine
811 2605 955 2676 gentem.

207 2699 272 2764 Hic
290 2719 406 2762 cursus
423 2699 495 2775 fuit,

118 2831 162 2883 535
206 2803 291 2868 Cum
309 2803 418 2866 subite
434 2804 619 2884 adsurgens
636 2805 737 2868 fluctu
755 2804 926 2868 nimbesus
943 2805 1046 2868 Orion

114 2959 117 2962 .
206 2909 247 2970 In
263 2908 349 2970 vada
365 2928 465 2971 caeca
481 2908 564 2984 tulit,
582 2909 781 2990 penitusque
799 2908 994 2990 procacibus
1012 2918 1131 2971 austris

207 3013 335 3094 Perque
352 3013 468 3089 undas,
487 3024 666 3094 superante
684 3015 763 3087 salo,
783 3033 907 3095 perque
924 3013 1013 3076 invia
1029 3033 1109 3076 saxa

202 3115 374 3199 *Dispulit;
399 3119 463 3180 hac
482 3128 579 3199 pauci
594 3128 712 3180 vestris
730 3118 926 3180 adnavimus
942 3127 1015 3180 aris

205 3222 305 3304 Quod
323 3242 430 3303 genus
446 3223 508 3285 hac
525 3223 719 3286 hominum?
743 3241 870 3305 quaeve
891 3224 978 3286 hunc
995 3233 1064 3285 tam
1079 3220 1221 3284 barbara

250 3335 374 3390 merem

117 3458 162 3509 540
206 3431 369 3496 Permittit
387 3434 515 3516 patria?
540 3435 685 3516 hospitia
701 3436 914 3518 prohibemur
931 3435 1093 3508 harenae;

207 3537 300 3599 Bella
316 3537 413 3612 cient,
432 3545 604 3621 primaque
620 3550 734 3602 vetant
752 3539 932 3603 censistere
948 3545 1045 3601 terra.

207 3641 243 3705 Si
259 3661 365 3722 genus
382 3642 563 3706 hamanum
581 3652 614 3707 et
631 3644 781 3706 mortalia
799 3643 945 3706 temnitis
962 3663 1064 3716 arma,

204 3745 254 3807 At
269 3753 400 3827 sperate
417 3747 496 3809 deas
513 3755 675 3810 memores
692 3748 785 3810 fandi
802 3757 900 3828 atque
918 3747 1063 3810 nefandi.

249 3850 353 3913 “Rex
370 3860 441 3913 erat
458 3852 592 3914 Aeneas
609 3852 712 3926 nobis,
731 3859 797 3933 quo
813 3850 927 3913 iastior
945 3851 1036 3923 alter,
