2822 4294
184 271 227 332 44
546 258 703 310 vanem
731 257 931 310 nenatoos

184 464 230 516 4¹5
274 439 354 520 Ipsa
372 438 522 519 Paphum
541 437 690 499 sublimis
706 437 783 512 abit,
802 437 963 519 sedesque
980 438 1094 501 revisit

274 542 378 604 Laeta
396 549 482 616 suas,
501 541 556 603 ubi
574 541 734 621 templum
752 542 806 616 illi,
825 552 1026 623 centumque
1045 543 1175 606 Sabaeo

271 647 361 716 Ture
378 646 488 708 calent
504 653 580 707 arae
598 654 760 726 sertisque
779 644 967 708 recentibus
985 647 1108 708 balant.

316 750 513 831 Corripuere
530 749 617 810 viam
635 749 769 823 interea,
788 756 852 830 qua
870 750 986 812 semita
1003 758 1172 814 monstrat.

273 856 412 936 lamque
428 854 654 916 ascendebant
672 853 799 927 collem,
819 863 875 934 qui
892 854 1053 934 plurimus
1070 855 1143 917 urbi

273 959 429 1021 Imminet
446 959 670 1039 adversasque
689 967 840 1038 aspectat
857 958 1000 1040 desuper
1017 967 1118 1022 arces.

274 1065 415 1126 Miratur
430 1064 550 1125 melem
568 1064 712 1137 Aeneas
730 1063 874 1143 magalia
890 1063 1068 1144 quondam,

274 1170 414 1230 Miratur
431 1175 543 1247 portas
561 1169 803 1248 strepitumque
821 1177 853 1230 et
872 1175 975 1230 strata
990 1168 1126 1230 viarum.

272 1259 406 1335 lnstant
421 1273 576 1334 ardentes
593 1273 694 1357 Tyrii,
715 1292 791 1353 pars
808 1272 929 1334 ducere
947 1279 1058 1336 murus

273 1377 448 1458 Molirique
466 1396 575 1438 arcem
593 1386 625 1439 et
642 1375 795 1438 manibus
812 1376 1008 1438 subvolvere
1024 1397 1111 1452 saxa,
1223 1425 1225 1429 .

274 1483 353 1543 Pars
370 1488 486 1561 optare
503 1481 611 1543 locum
629 1488 717 1543 tectu
732 1491 765 1543 et
788 1482 986 1543 concludere
1004 1480 1111 1555 sulco;

272 1587 350 1647 lura
367 1587 649 1666 magistratusque
666 1585 782 1666 legunt
800 1593 1017 1666 sanctumque
1035 1592 1204 1660 senatum;
1228 1615 1231 1621 ·

272 1691 337 1751 Hic
356 1696 471 1770 portus
488 1690 542 1751 alii
559 1689 742 1765 effodiunt;
768 1691 821 1752 hic
838 1690 904 1752 alta
920 1690 1058 1752 theatris
1227 1677 1230 1684 ⁴

272 1794 505 1856 Fundamenta
523 1793 634 1855 locant
651 1793 714 1867 alii,
732 1795 960 1875 immanesque
977 1793 1147 1856 columnas

159 1977 164 1986 ι
273 1898 427 1978 Rupibus
445 1898 609 1972 excidunt,
628 1908 758 1960 scaenis
774 1898 895 1960 decora
913 1897 979 1960 alta
996 1898 1124 1959 futuris.

273 2001 389 2082 Qualis
407 2009 487 2082 apes
505 2009 630 2064 aestate
648 2009 734 2064 nova
751 2022 810 2082 per
827 2001 928 2064 flarea
945 2009 1020 2064 rura

273 2106 414 2167 Exercet
431 2105 491 2168 sub
509 2106 578 2168 sule
595 2107 696 2181 labor,
715 2127 789 2169 cum
808 2106 917 2186 gentis
934 2106 1064 2168 adultus

273 2195 429 2272 Educunt
446 2210 543 2284 fetus,
563 2221 619 2272 aut
636 2231 711 2272 cum
729 2210 887 2292 liquentia
904 2211 1002 2272 mella

272 2312 409 2394 Stipant
422 2323 454 2376 et
471 2315 558 2376 dulci
574 2315 768 2377 distendunt
785 2325 918 2377 nectare
935 2315 1044 2390 cellas,

271 2418 342 2480 Aut
358 2438 460 2480 onera
476 2419 643 2500 accipiunt
659 2419 849 2481 venientum
868 2430 925 2481 aut
941 2421 1072 2498 agmine
1091 2419 1180 2482 iactu

272 2524 436 2603 Ignavum
454 2523 549 2586 fucus
567 2537 669 2604 pecus
686 2531 705 2585 a
724 2523 960 2604 praesaepibus
978 2532 1091 2585 arcent
1099 2545 1106 2598 ;

272 2628 393 2689 Fervet
410 2648 502 2708 opus
523 2628 738 2709 redolentque
756 2629 873 2712 thyma
886 2628 1069 2707 fragrantia
1086 2627 1192 2690 mella.
1388 2647 1389 2692 l

149 2755 152 2760 ·
265 2717 331 2794 “O
350 2732 519 2807 fortunati,
537 2739 676 2812 quarum
695 2734 760 2794 iam
777 2733 908 2794 moenia
925 2732 1078 2812 surgunt!
1092 2731 1108 2755 ’⁹

270 2836 406 2897 Aeneas
424 2837 476 2910 ait,
495 2845 528 2898 et
545 2836 679 2916 fastigia
697 2835 834 2917 suspicit
850 2836 947 2898 urbis.

270 2925 380 3002 infert
397 2947 432 3002 se
450 2949 585 3021 saeptus
603 2940 928 3002 nebula-mirabile
945 2940 1033 3002 dictu
1044 2978 1085 2986 —-

272 3046 333 3107 Per
350 3045 485 3120 medias
504 3044 686 3126 miscetque
704 3047 790 3120 viriS,
809 3065 916 3125 neque
933 3046 1077 3107 cernitur
1094 3045 1158 3106 ulli.

315 3150 427 3211 Lucus
445 3149 477 3211 in
495 3149 576 3212 urbe
594 3150 790 3224 submedia,
810 3149 1009 3238 laetissimus
1026 3149 1151 3226 umbra,

271 3253 348 3335 Quo
364 3263 506 3334 primum
524 3253 636 3316 iactati
654 3257 750 3317 undis
767 3265 799 3318 et
816 3253 947 3317 turbine
967 3255 1068 3316 Poeni

272 3358 430 3420 Effudere
447 3358 519 3420 loca
536 3368 677 3438 signum,
696 3361 783 3440 quod
801 3359 892 3440 regia
910 3360 995 3420 luno

272 3463 485 3538 Menstrarat‚
504 3472 603 3544 caput
620 3463 704 3526 acris
722 3473 813 3544 equi:
840 3473 885 3525 sic
903 3483 979 3525 nam
997 3463 1069 3525 fore
1086 3460 1172 3524 bellu

182 3592 228 3643 445
270 3552 449 3647 Egregiam
466 3577 499 3628 et
516 3568 648 3629 facilem
665 3567 754 3630 victu
773 3587 831 3647 per
848 3568 980 3630 saecula
997 3575 1139 3647 gentem.

273 3671 337 3732 Hic
355 3671 515 3750 templum
535 3671 656 3731 Iununi
672 3671 790 3749 ingens
809 3670 945 3733 Sidonia
964 3672 1052 3733 Dido

271 3772 454 3847 Condebat,
473 3773 568 3834 denis
585 3773 778 3853 opulentum
798 3784 830 3835 et
852 3773 988 3836 numine
1005 3775 1108 3850 divae,
