2800 4286
186 349 248 395 212
543 337 701 390 VERGlLl
728 337 926 390 AENEIDOS

273 519 359 580 Tum
377 517 423 581 sic
440 536 547 598 pauca
564 517 686 579 refert:
713 523 730 548 “
744 519 792 581 Ut
806 527 848 592 te,
867 516 1047 580 fortissime
1064 518 1241 589 Teucrum,

187 641 231 694 155
272 623 413 704 Accipio
430 622 666 702 adgnoscoque
684 621 808 683 libensl
834 630 870 683 ut
886 620 987 682 verba
1004 622 1155 703 parentis

274 727 317 788 Et
333 745 448 788 vocem
466 727 637 788 Anchisae
654 727 768 806 magni
785 726 979 807 vultumque
998 724 1177 788 recordor!

274 831 361 892 Nam
379 831 514 892 memini
533 829 703 892 Hesionae
719 829 881 892 visentem
898 848 1003 910 regna
1020 830 1143 892 sororis

274 935 580 997 Laomedontiaden
598 934 773 1010 Priamum,
793 934 961 998 Salamina
978 943 1161 1014 petentem,

274 1038 427 1101 Protinus
444 1039 610 1101 Arcadiae
627 1039 756 1120 gelidos
773 1038 915 1101 invisere
932 1039 1024 1100 fines

187 1149 233 1198 160
273 1145 359 1205 Tum
378 1143 458 1205 mihi
475 1143 582 1224 prima
598 1163 702 1224 genas
718 1143 861 1206 vestibat
877 1143 957 1205 flore
974 1142 1129 1218 iuventa;

273 1247 486 1329 Mirabarque
503 1247 605 1309 duces
621 1249 777 1323 Teucros,
796 1247 939 1308 mirabar
955 1256 989 1309 et
1003 1248 1116 1328 ipsum

273 1352 600 1440 Laomedontiaden;
626 1351 685 1413 sed
701 1352 829 1414 cunctis
846 1351 942 1413 altior
957 1350 1026 1413 ibat

272 1455 448 1518 Anchises
498 1455 584 1517 Mihi
600 1475 695 1518 mens
711 1455 855 1517 iuvenali
871 1454 1009 1518 ardebat
1026 1475 1140 1519 amore

273 1560 482 1640 Compellare
497 1559 614 1634 virum,
632 1568 666 1621 et
681 1560 816 1621 dextrae
833 1558 1036 1640 coniungere
1053 1560 1216 1622 dextram.

186 1670 230 1735 165
272 1663 420 1738 Accessi,
440 1674 472 1726 et
489 1663 630 1744 cupidus
648 1663 774 1725 Phenei
789 1662 851 1725 sub
868 1664 999 1725 moenia
1015 1663 1103 1725 duxi.

272 1767 333 1829 Ille
350 1767 430 1829 mihi
446 1767 611 1848 insignem
629 1768 820 1849 pharetram
839 1767 1028 1851 Lyciasque
1045 1767 1187 1848 sagittas

273 1871 459 1933 Discedens
476 1872 754 1955 chlamydemque
771 1891 852 1934 auro
868 1871 959 1934 dedit
975 1871 1200 1947 intertextam,

271 1975 448 2056 Frenaque
465 1975 552 2050 bina,
570 1996 664 2037 meus
681 1995 766 2057 quae
782 1996 872 2038 nunc
890 1975 998 2051 habet,
1013 1995 1125 2049 aurea,
1146 1975 1263 2038 Pallas

273 2079 363 2159 Ergo
380 2089 421 2152 et,
440 2100 539 2161 quam
557 2079 677 2160 petitis
696 2079 808 2142 iuncta
823 2089 875 2143 est
891 2081 972 2141 mihi
988 2080 1127 2143 foedere
1143 2079 1267 2154 dextra,

185 2201 232 2253 170
272 2183 324 2258 Et,
343 2182 398 2244 lux
414 2203 488 2245 cum
506 2185 648 2264 primum
666 2183 762 2246 terris
778 2203 814 2246 se
831 2185 976 2270 crastina
992 2184 1119 2259 reddet,

271 2286 406 2349 Auxilio
423 2287 528 2349 laetos
545 2287 718 2364 dimittam,
737 2288 923 2370 opibusque
939 2288 1068 2351 iuvabo.

272 2392 405 2453 Interea
422 2411 516 2452 sacra
532 2391 624 2466 haec,
643 2391 777 2473 quando
793 2392 858 2454 huc
874 2392 1012 2454 venistis
1029 2392 1136 2468 amici,

271 2495 404 2570 Annua,
423 2515 508 2576 quae
525 2496 659 2558 differre
676 2497 781 2571 nefas,
800 2496 966 2559 celebrate
983 2498 1138 2560 faventes

272 2597 464 2674 Nobiscum,
482 2599 595 2661 etiam
613 2620 701 2662 nunc
719 2601 882 2662 sociorum
900 2600 1087 2663 adsuescite
1104 2599 1258 2662 mensis.”

185 2720 229 2773 175
316 2702 412 2764 Haec
428 2701 485 2764 ubi
501 2702 598 2778 dicta,
616 2704 721 2784 dapes
737 2703 828 2766 iubet
844 2714 877 2766 et
893 2704 1025 2766 sublata
1040 2703 1161 2785 reponi

272 2806 402 2880 Pocula,
421 2807 658 2888 gramineoque
674 2809 762 2870 viros
780 2808 866 2871 locat
883 2808 955 2889 ipse
972 2807 1075 2881 sedili,

271 2909 556 2991 Praecipuumque
574 2919 646 2973 toro
662 2920 695 2974 et
710 2911 819 2974 villosi
835 2912 923 2995 pelle
940 2912 1045 2975 leonis

270 3012 405 3093 Accipit
423 3013 573 3089 Aenean,
593 3014 741 3097 solioque
759 3014 878 3079 invitat
893 3036 1025 3080 acerno.

271 3117 357 3178 Tum
375 3116 452 3178 lecti
467 3116 604 3180 iuvenes
622 3119 772 3180 certatim
789 3140 933 3201 araeque
950 3121 1107 3184 sacerdos

184 3225 231 3273 180
269 3219 407 3283 Viscera
423 3230 511 3283 tosta
527 3221 639 3283 ferunt
656 3232 836 3297 taurorum,
854 3233 1062 3306 onerantque
1079 3225 1232 3288 canistris

272 3324 371 3385 Dona
387 3323 555 3387 laboratae
572 3325 712 3401 Cereris
732 3328 968 3409 Bacchumque
985 3329 1185 3391 ministrant.

270 3427 426 3488 Vescitur
442 3428 578 3490 Aeneas
596 3430 692 3491 simul
709 3439 743 3492 et
759 3431 904 3494 Troiana
920 3430 1075 3494 iuventus

272 3529 426 3610 Perpetui
444 3541 538 3612 tergo
554 3532 648 3594 bovis
664 3542 698 3596 et
714 3535 904 3598 lustralibus
922 3537 1017 3600 extis.
1056 3517 1058 3521 Ι

315 3633 494 3714 Postquam
506 3645 661 3716 exempta
671 3637 778 3698 fames
789 3648 823 3701 et
833 3659 925 3701 amor
937 3661 1150 3723 compressus
1159 3640 1272 3707 edendi

185 3737 229 3802 185
275 3735 347 3796 Rex
365 3737 542 3799 Euandrus
559 3737 622 3800 ait:
649 3744 667 3770 “
680 3740 757 3802 Non
775 3741 856 3804 haec
874 3742 1049 3806 sollemnia
1064 3744 1171 3821 nobis,

272 3837 344 3897 Has
361 3857 401 3899 ex
418 3858 508 3900 more
525 3840 638 3922 dapes,
657 3842 742 3906 hanc
758 3846 843 3908 tanti
859 3846 1006 3910 numinis
1023 3868 1115 3910 aram
