2796 4282
199 281 256 328 122
550 270 708 323 VERGlLl
735 271 935 324 AENEIDOS

193 463 241 513 610
283 451 326 514 Et
345 449 447 513 Dirae
464 449 606 525 ultrices,
624 459 658 512 et
674 450 708 512 di
724 451 893 513 morientis
911 451 1049 526 Elissae,

281 554 436 636 Accipite
452 555 545 629 haec,
564 554 784 636 meritumque
801 555 896 617 malis
912 555 1075 618 advertite
1091 575 1231 631 numen,

283 660 326 721 Et
343 667 473 721 nostras
489 658 600 721 audite
618 677 742 739 preces
791 658 827 723 Si
843 669 982 740 tangere
1000 669 1117 741 portus

283 762 465 825 Infandum
482 772 584 843 caput
600 783 638 825 ac
654 762 751 825 terris
768 763 892 825 adnare
909 782 1045 826 necesse
1062 773 1124 839 est,

283 869 327 930 Et
343 866 389 929 sic
407 866 478 928 lata
496 866 586 928 lovis
601 876 754 947 poscunt,
772 867 825 929 hic
842 868 1003 930 terminus
1020 869 1155 930 haeret:

193 985 240 1050 615
282 972 331 1034 At
346 972 432 1034 bello
450 971 586 1033 audacis
603 971 718 1051 populi
734 981 872 1034 vexatus
888 982 922 1034 et
938 973 1046 1046 armis,

283 1076 421 1139 Finibus
438 1077 585 1151 extorris,
604 1076 779 1156 complexu
797 1078 933 1139 avulsus
952 1076 1024 1152 Iuli,

282 1180 453 1243 Auxilium
468 1179 632 1261 imploret,
651 1179 828 1262 videatque
845 1180 984 1261 indigna
1000 1201 1135 1243 suorum

283 1286 417 1347 Funera
427 1305 434 1361 ;
460 1304 530 1359 nec,
548 1305 624 1346 cum
641 1305 677 1346 se
694 1284 755 1346 sub
772 1284 864 1366 leges
881 1284 972 1365 pacis
990 1283 1125 1366 iniquae

282 1388 479 1464 Tradiderit,
497 1409 601 1470 regno
618 1397 676 1450 aut
691 1398 806 1469 optata
822 1389 896 1452 luce
913 1390 1051 1463 fruatur,

194 1506 242 1556 620
283 1493 350 1557 Sed
367 1492 464 1555 cadat
480 1502 557 1555 ante
574 1493 661 1556 diem
679 1492 854 1574 mediaque
870 1493 1062 1555 inhumatus
1079 1494 1217 1556 harena.

284 1599 378 1660 Haec
406 1617 531 1678 precor,
561 1597 648 1658 hanc
675 1616 790 1659 vocem
818 1607 1000 1659 extremam
1028 1616 1103 1659 cum
1138 1598 1299 1678 sanguine

369 1702 480 1763 fundo.

282 1807 368 1867 Tum
386 1826 453 1880 vos,
472 1826 491 1868 o
507 1805 609 1890 Tyrii,
627 1806 765 1886 stirpem
781 1814 815 1868 et
832 1823 939 1885 genus
955 1826 1053 1868 omne
1069 1806 1221 1868 futurum

284 1911 445 1972 Exercete
461 1909 554 1982 odiis
573 1908 742 1990 cinerique
759 1910 842 1972 haec
859 1909 977 1972 mittite
994 1915 1107 1972 nos'tro

285 2016 434 2077 Munera.
484 2014 604 2076 Nullus
621 2034 713 2076 amor
730 2014 871 2095 populis,
890 2034 951 2076 nec
969 2013 1104 2077 foedera
1121 2024 1231 2077 sunto.

194 2131 241 2196 625
284 2119 441 2181 Exoriare
457 2118 575 2200 aliquis
592 2119 713 2181 nostris
730 2137 770 2180 ex
786 2118 916 2181 ossibus
934 2118 1028 2193 ultor,
1227 2109 1230 2113 “

283 2222 350 2304 Qui
366 2223 440 2285 lace
460 2221 648 2284 Dardanios
665 2222 822 2304 ferroque
839 2241 978 2302 sequare
996 2222 1141 2298 colonos,

284 2327 392 2401 Nunc,
410 2326 497 2401 olim,
516 2346 725 2408 quocumque
742 2326 870 2388 dabunt
886 2335 1088 2407 setempore
1104 2326 1201 2389 vires

285 2430 398 2493 Litora
414 2430 563 2493 litoribus
580 2429 754 2505 contraria,
773 2429 927 2492 fiuctibus
944 2430 1051 2493 undas

236 2608 240 2613 .
285 2528 463 2616 imprecor,
481 2554 574 2596 arma
595 2535 713 2612 armis3
739 2544 892 2616 pugnent
912 2533 1041 2617 ipsique
1060 2535 1298 2616 nepotesque.‘'

194 2652 242 2716 630
329 2639 425 2701 Haec
441 2638 495 2714 ait,
513 2648 547 2701 et
563 2647 675 2719 partes
692 2638 839 2701 animum
857 2638 1012 2701 versabat
1027 2638 1061 2700 in
1077 2659 1203 2714 omnes

284 2743 429 2806 invisam
447 2763 610 2824 quaerens
626 2763 727 2825 quam
745 2743 887 2824 primum
904 2743 1102 2823 abrumpere
1119 2743 1237 2805 lucem.

282 2848 368 2910 Turn
385 2847 527 2909 breviter
546 2849 674 2910 Barcen
691 2847 853 2910 nutricem
870 2847 984 2910 adlata
1001 2846 1154 2931 Sychaei,

187 2939 188 2942 ¹
283 2951 438 3033 Namque
454 2971 548 3013 suam
566 2953 673 3033 patria
689 2951 826 3034 antiqua
843 2951 925 3014 cinis
942 2960 1013 3014 ater
1029 2950 1192 3014 habebat:

328 3056 494 3118 “Annam
511 3076 588 3118 cara
604 3055 685 3118 mihi
701 3056 810 3118 nutrix
828 3055 893 3119 huc
910 3055 989 3118 siste
1006 3075 1160 3118 sororem.

194 3173 240 3237 ⁶35
284 3161 347 3222 Dic
363 3180 485 3241 corpus
503 3170 658 3241 properet
674 3161 798 3223 fluviali
815 3180 972 3242 spargere
990 3161 1135 3244 lympha,

282 3265 326 3327 Et
343 3264 488 3344 pecudes
505 3284 618 3327 secum
635 3275 668 3328 et
685 3275 869 3328 monstrata
887 3265 1017 3346 piacula
1033 3264 1141 3326 ducat.

283 3367 337 3431 Sic
353 3369 482 3444 veniat;
507 3378 609 3451 tuque
626 3369 699 3450 ipsa
716 3371 771 3450 pia
787 3361 862 3451 tege
879 3380 1030 3450 tempore
1046 3367 1137 3430 vitta.

282 3472 384 3536 Sacra
402 3473 474 3535 lovi
491 3474 617 3558 Stygio,
636 3494 722 3555 quae
738 3474 799 3537 rite
817 3474 950 3555 incepta
967 3474 1090 3555 paravi,

283 3577 444 3640 Perficere
461 3588 512 3640 est
528 3579 667 3654 animus
686 3579 852 3660 finemque
869 3578 1040 3659 imponere
1058 3575 1155 3650 curis,

195 3691 242 3751 640
285 3679 512 3760 Dardaniique
529 3701 646 3762 rogum
664 3682 783 3762 capitis
801 3683 989 3763 permittere
1008 3680 1191 3743 flammae.'’

285 3781 339 3844 Sic
355 3782 409 3844 ait.
458 3783 520 3844 Illa
536 3785 676 3864 gradum
693 3785 801 3847 studio
818 3785 983 3849 celerabat
998 3784 1085 3846 anili.
