2796 4282
493 311 609 364 LIBER
635 311 785 364 SEXTUS

157 493 325 556 Dardana
343 491 404 574 qui
422 490 550 554 Paridis
567 491 692 554 derexti
709 491 776 553 tela
792 511 978 573 manusque

159 599 291 679 Corpus
309 596 346 659 in
365 595 546 671 Aeacidae,
565 615 705 676 magnas
722 595 880 657 obeuntia
896 604 1001 658 terras

158 701 225 764 Tot
240 701 351 764 maria
366 700 489 763 intravi
505 700 589 762 duce
605 708 638 762 te
654 698 853 781 penitusque
870 708 1021 780 repostas

78 819 108 867 60
163 805 355 890 Massylum
372 790 492 886 gentes
509 813 750 885 praetentaque
768 803 921 888 Syrtibus
937 823 1024 879 arva,

164 911 235 972 lam
251 910 393 972 tandem
412 909 528 971 Italiae
545 908 714 990 fugientes
731 907 924 989 prendimus
940 928 1033 984 oras;

166 1015 241 1077 Hac
257 1014 408 1078 Troiana
425 1022 522 1076 tenus
539 1014 639 1075 fuerit
657 1014 806 1075 Fortuna
822 1021 945 1075 secuta.

164 1119 233 1181 Vos
250 1138 387 1200 quoque
406 1119 608 1198 Pergameae
624 1117 689 1178 iarn
707 1118 760 1180 fas
777 1126 828 1180 est
843 1137 980 1198 parcere
997 1115 1096 1197 genti,

167 1221 277 1305 Dique
294 1223 446 1304 deaeque
462 1241 588 1296 omneS,
606 1221 725 1303 quibus
742 1221 869 1295 obstitit
886 1222 984 1282 Ilium
1000 1230 1034 1283 et
1049 1221 1168 1301 ingens

166 1327 278 1390 Gloria
296 1326 498 1389 Dardaniae.
546 1326 674 1407 Tuque,
692 1346 711 1388 o
728 1323 936 1388 sanctissima
952 1333 1054 1400 vates,

107 1417 110 1424 Δ
168 1431 322 1494 Praescia
338 1431 479 1506 venturi,
498 1430 671 1492 da-non
688 1427 835 1492 indebita
852 1448 954 1510 posco

169 1535 287 1615 Regna
304 1534 388 1596 meis
404 1534 483 1596 fatis
494 1571 538 1580 -
549 1534 646 1596 Latio
664 1533 836 1596 considere
853 1535 1000 1595 Teucros

169 1639 395 1720 Errantesque
412 1638 493 1700 deos
509 1636 703 1719 agitataque
718 1637 854 1699 numina
870 1637 999 1698 Troiae.

167 1743 251 1804 Tum
270 1743 407 1805 Phoebo
423 1752 457 1804 et
473 1742 605 1804 Triviae
623 1742 727 1804 solido
744 1742 784 1804 de
802 1761 964 1802 marmore
980 1741 1140 1820 templum

168 1847 354 1920 Instituam,
372 1846 543 1928 festosque
561 1846 631 1908 dies
648 1846 689 1908 de
706 1845 840 1908 nomine
859 1844 992 1906 Phoebi.

167 1951 214 2012 Te
231 1969 366 2032 quoque
381 1969 505 2030 magna
521 1959 657 2012 manent
673 1949 784 2030 regnis
802 1948 985 2032 penetralia
1002 1947 1128 2010 nostrie.

169 2053 233 2116 Hic
250 2073 315 2134 ego
332 2073 476 2135 namque
492 2063 567 2116 tuas
583 2062 690 2116 sortes
706 2073 893 2134 arcanaque
911 2053 1006 2127 fata,¹
1154 2059 1156 2062 '

168 2158 267 2219 Dicta
283 2175 378 2219 meae
395 2157 496 2238 genti,
515 2177 647 2238 ponam,
666 2157 836 2238 lectosque
853 2156 998 2230 sacrabo,

166 2261 277 2336 Alma,
294 2260 392 2323 viros.
441 2260 543 2323 Foliis
559 2270 689 2323 tanturn
706 2280 749 2323 ne
765 2261 912 2322 carmina
928 2260 1058 2333 manda,

169 2366 220 2427 Ne
236 2365 371 2427 turbata
387 2366 500 2427 volent
512 2365 635 2446 rapidis
652 2364 794 2427 ludibria
810 2363 935 2439 ventis;

168 2470 247 2550 Ipsa
265 2489 367 2532 canas
384 2469 471 2532 oro.'’
520 2470 637 2532 Finem
655 2469 746 2531 dedit
762 2488 819 2530 ore
835 2467 1001 2548 loquendi.

210 2574 267 2649 At,
286 2573 411 2636 Phoebi
427 2573 575 2656 nondum
592 2575 731 2654 patiens,
749 2571 901 2634 immanis
917 2573 951 2632 in
968 2581 1063 2633 antro
1120 2656 1123 2662 Ι

168 2678 356 2740 Bacchatur
370 2686 474 2752 vates,
492 2697 651 2758 magnum
669 2679 696 2740 si
713 2687 847 2758 pectore
864 2673 977 2758 possit

169 2781 364 2844 Excussisse
379 2782 497 2858 deum;
523 2791 617 2844 tanto
634 2781 740 2862 magis
756 2781 811 2844 ille
827 2780 948 2860 fatigat

89 2896 116 2946 80
166 2887 215 2950 Os
231 2885 392 2962 rabidum,
410 2886 483 2948 fera
499 2886 600 2948 corda
616 2887 766 2962 domans,
785 2885 945 2966 fingitque
962 2884 1152 2964 premendo,

168 2990 264 3053 Ostia
280 2989 412 3072 iamque
429 2991 547 3054 domus
565 3001 702 3072 patuere
719 2988 868 3069 ingentia
883 2996 1017 3050 centum

169 3094 296 3174 Sponte
312 3114 381 3171 sua,
398 3096 551 3178 vatisque
568 3096 682 3156 ferunt
698 3113 859 3174 responsa
875 3112 935 3172 per
951 3111 1066 3154 auras:

170 3202 186 3227 “
200 3198 231 3261 O
247 3198 384 3260 tandem
401 3199 532 3280 magnis
549 3197 661 3280 pelagi
677 3197 836 3260 defuncte
853 3195 1001 3276 periclis!

169 3302 235 3366 Sed
251 3312 359 3366 terrae
374 3305 526 3383 graviora
543 3311 686 3366 manent.
735 3303 775 3363 ln
792 3321 896 3380 regna
914 3298 1032 3361 Lavini

170 3406 385 3470 Dardanidae
401 3407 691 3471 venient—mitte
708 3407 793 3468 hanc
811 3405 851 3466 de
869 3413 1002 3485 pectore
1019 3423 1185 3465 curam—

169 3510 235 3575 Scd
252 3531 320 3573 non
336 3521 369 3574 et
384 3514 516 3575 venisse
532 3513 654 3575 volent.
680 3549 681 3554 κ
704 3510 806 3585 Bella,
826 3509 959 3572 horrida
975 3507 1070 3582 belia,

169 3615 212 3677 Et
228 3615 391 3700 Thybrim
410 3617 512 3679 multo
530 3625 741 3698 spumantem
759 3613 922 3695 sanguine
938 3633 1046 3676 cerno.

169 3720 245 3781 Non
264 3719 386 3784 Simois
402 3721 469 3796 tibi,
488 3741 550 3783 nec
565 3721 730 3792 Xanthus
748 3737 810 3781 nec
830 3717 952 3780 Dorica
969 3721 1076 3778 castr'a
1156 3755 1162 3766 ·

172 3823 368 3899 Defuerint3
393 3823 477 3885 alius
496 3824 592 3885 Latio
609 3824 672 3884 iarn
692 3831 806 3902 partus
823 3819 982 3892 Achilles,
