2800 4286
453 279 572 332 LIBER
597 279 792 334 SEPTIMUS

158 463 309 532 Intentos
324 461 469 532 volvens
487 467 609 540 oculos.
661 462 732 532 Nec
750 485 897 551 purpura
912 483 1024 550 regem

159 567 247 635 Picta
263 581 389 648 movet,
408 593 471 636 nec
489 581 623 654 sceptra
637 581 770 636 movent
788 572 949 636 Priameia
965 577 1104 645 tanturn,

159 676 331 758 Quantum
349 676 384 738 in
401 675 544 738 conubio
560 686 658 739 natae
674 677 888 759 thalamoque
904 685 1069 750 moratur;

162 781 202 842 Et
217 780 343 843 veteris
360 780 472 842 Fauni
487 779 589 842 volvit
605 780 666 842 sub
683 790 818 861 pectore
834 791 965 844 sortem.

83 909 126 961 ²55
163 885 261 947 Hunc
278 885 373 946 illum
391 883 472 946 fatis
488 893 623 947 externa
639 885 681 947 ab
698 885 777 948 sede
793 885 980 968 proiectum

164 987 317 1052 Portendi
333 1008 506 1070 generum,
524 988 727 1072 paribusque
742 990 776 1052 in
792 1010 896 1071 regna
910 989 1021 1052 vocari

166 1093 353 1175 Auspiciis;
379 1094 458 1156 hinc
475 1094 669 1184 progeniem
685 1094 807 1158 virtute
823 1095 970 1157 futuram

166 1197 356 1280 Egregiam,
374 1206 408 1260 et
422 1207 528 1260 totum
547 1218 633 1280 quae
648 1197 772 1262 viribus
789 1208 930 1281 occupet
947 1197 1069 1261 orbem.
1093 1259 1096 1264 ,

167 1301 316 1365 Tandem
332 1301 441 1364 laetus
458 1303 522 1365 ait:
548 1301 623 1365 “Di
639 1312 752 1366 nostra
768 1303 901 1385 incepta
914 1301 1098 1378 secundent

89 1418 131 1467 260
165 1405 421 1488 Auguriumque
438 1407 553 1469 suum!
596 1406 748 1484 Dabitur,
764 1407 918 1482 Troiane,
936 1405 1024 1488 quod
1040 1415 1146 1487 optas.

168 1511 309 1573 Munera
324 1531 387 1574 nec
405 1531 536 1592 sperno.
586 1512 663 1574 Non
679 1512 783 1588 vobio,
800 1531 879 1592 rege
897 1510 1027 1585 Latino,

168 1614 287 1678 Divitis
304 1615 387 1678 uber
403 1615 476 1697 agri
491 1615 652 1678 Troiaeve
669 1615 839 1698 opulentia
855 1615 968 1678 deerit.

167 1719 244 1800 lpse
260 1720 361 1783 modo
379 1720 523 1795 Aeneas,
541 1719 646 1782 nostri
663 1719 691 1782 si
706 1729 800 1782 tanta
816 1719 937 1801 cupido
953 1729 1013 1794 est,

167 1821 202 1886 Si
217 1823 310 1906 iungi
326 1824 472 1905 hospitio
489 1833 645 1905 properat
660 1822 835 1906 sociusque
851 1823 970 1899 vocari,

88 1937 130 2003 265
168 1927 346 2003 Adveniat,
363 1928 474 1990 vultus
491 1945 575 1990 neve
590 1928 802 2016 exhorrescat
819 1928 950 1992 amicos.

168 2032 245 2095 Pars
262 2031 344 2094 mihi
360 2031 452 2112 pacis
468 2032 530 2094 erit
547 2031 696 2094 dextram
713 2032 861 2113 tetigisse
878 2031 1019 2117 tyranni.

166 2136 234 2199 Vos
250 2145 368 2200 contra
384 2135 455 2218 regi
471 2155 546 2198 mea
562 2155 651 2198 nunc
668 2137 826 2199 mandata
843 2137 973 2200 referte.

167 2241 227 2304 Est
243 2240 325 2302 mihi
341 2249 429 2316 nata,
447 2241 519 2303 viro
535 2240 644 2322 gentis
661 2260 761 2323 quam
777 2241 919 2322 iungere
932 2249 1065 2303 nostrae

167 2345 244 2407 Non
261 2343 369 2426 patrio
385 2364 427 2407 ex
443 2344 544 2429 adyto
561 2354 676 2420 sortes,
694 2365 761 2407 non
778 2344 920 2426 plurima
936 2345 1029 2408 caeio

86 2473 128 2520 270
166 2449 320 2511 Monstra
337 2448 470 2524 sinunt;
495 2469 636 2530 generos
653 2449 797 2512 externis
814 2449 929 2512 adfore
946 2449 988 2511 ab
1004 2447 1087 2522 oris,

169 2553 243 2617 Hoc
262 2552 360 2616 Latio
375 2562 501 2616 restare
518 2563 653 2629 canunt,
671 2553 728 2636 qui
744 2553 906 2634 sanguine
922 2561 1071 2615 nostrum

168 2657 301 2719 Nomen
319 2656 352 2719 in
369 2665 458 2720 astra
475 2657 611 2721 ferants
645 2658 748 2720 Hunc
764 2641 855 2719 illum
873 2675 1009 2739 poscere
1026 2656 1096 2718 fata

168 2761 212 2824 Et
227 2781 310 2837 reor,
328 2771 371 2837 et,
389 2761 418 2824 si
435 2762 513 2844 quid
530 2761 601 2829 veri
617 2781 711 2824 mens
728 2771 879 2842 augurat,
897 2760 1008 2843 opt0.'¹

212 2866 308 2928 Haec
325 2865 448 2929 effatus
466 2886 570 2948 equos
587 2886 725 2928 numero
744 2875 838 2947 pater
854 2865 946 2946 eligit
961 2865 1051 2927 omni

90 2993 129 3045 275
165 2965 324 3049 (Stabant
340 2979 392 3034 ter
408 2980 543 3033 centum
561 2970 656 3033 nitidi
674 2970 707 3032 in
726 2969 965 3051 praesaepibus
982 2968 1091 3051 altis);

169 3072 334 3136 Omnibus
351 3074 517 3156 extemplo
534 3074 672 3138 Teucris
688 3073 780 3136 iubet
796 3073 910 3136 ordine
926 3071 1001 3135 duci

170 3177 333 3241 Instratos
350 3187 439 3241 ostro
456 3177 602 3260 alipedes
619 3178 783 3260 pictisque
799 3177 921 3258 tapetis

167 3278 298 3360 (Aurea
315 3282 505 3364 pectoribus
521 3282 665 3345 demissa
681 3281 815 3345 monilia
830 3281 996 3363 pendent;

168 3384 263 3449 Tecti
279 3405 370 3462 auru,
389 3386 517 3448 fulvum
535 3386 697 3448 mandunt
714 3385 775 3448 sub
792 3383 947 3447 dentibus
963 3382 1105 3465 aurum),

90 3499 131 3549 280
169 3488 313 3560 Absenti
326 3490 465 3553 Aeneae
481 3509 613 3553 currum
629 3489 846 3571 geminosque
861 3488 988 3569 iugales

169 3593 303 3658 Semine
320 3593 362 3655 ab
379 3594 534 3669 aetheri0,
553 3594 717 3675 spirantes
734 3591 870 3654 naribus
886 3591 1008 3672 ignem,

171 3695 306 3759 Illorum
323 3697 365 3760 de
381 3707 492 3780 gente,
511 3697 597 3778 patri
613 3717 697 3780 quos
714 3696 855 3758 daedala
872 3696 967 3760 Circe
1045 3751 1046 3755 ,

170 3799 352 3884 Supposita
367 3800 410 3865 de
426 3810 531 3864 matre
546 3801 668 3864 nothos
684 3800 795 3864 iurata
811 3799 943 3862 creavit.
