2822 4294
209 272 252 334 42
571 265 730 318 VERGlLl
754 264 954 318 AENEIDOS

210 467 257 520 350
299 443 394 506 Clam
412 445 501 507 terro
517 443 686 508 incautum
704 454 848 526 superat,
868 451 1004 507 secorus
1022 449 1170 505 amorum

298 549 504 624 Germonae3
530 549 722 630 laetumque
739 548 793 611 dio
811 549 937 623 colovit,
956 557 988 610 et
1005 567 1150 627 aegram,

299 653 405 715 Multa
423 653 528 716 malus
545 654 713 727 simulans,
731 660 817 715 va'mo
834 660 894 734 spo
911 651 987 714 lusit
1004 660 1179 714 amantem.

297 758 378 838 Ipsa
394 757 452 819 sed
469 757 502 818 in
521 767 644 820 somnis
662 759 825 820 inhumati
842 759 932 820 vonit
948 757 1059 837 imogo

297 861 466 942 Coniugis
483 869 541 923 ora
559 862 663 924 modis
680 863 834 924 attollens
852 861 975 943 pallida
992 870 1101 934 miris;

208 991 255 1044 355
298 965 458 1030 Crodelos
475 973 549 1028 aros
566 965 769 1048 traiectaque
788 976 924 1048 pectora
941 967 1030 1028 terro

223 1115 224 1118 ,
297 1070 454 1146 Nudavit,
472 1088 674 1152 caecumque
692 1071 810 1133 domus
828 1071 936 1133 scelus
953 1089 1051 1133 omne
1068 1070 1200 1143 retexit;

296 1176 382 1236 Tum
399 1175 543 1237 celerose
560 1176 676 1256 fugam
696 1177 867 1264 patrioque
884 1175 1044 1237 excedere
1062 1172 1186 1248 suodet
1300 1202 1306 1210 ·

296 1278 531 1361 Auxiliumque
547 1279 621 1342 viae
637 1288 767 1342 veteres
783 1280 901 1341 tellore
919 1278 1059 1341 reclodit

296 1383 495 1459 Thesauros,
515 1384 665 1464 ignotum
683 1393 813 1464 argenti
830 1383 960 1463 pondus
977 1391 1009 1444 et
1025 1391 1104 1443 auri.

209 1499 255 1563 360
341 1489 436 1549 “His
453 1496 619 1550 commota
636 1489 751 1568 fugam
772 1488 859 1550 Dido
876 1487 1049 1569 sociosque
1067 1486 1213 1568 parabat.

296 1591 517 1666 Conveniunt,
535 1592 655 1673 quibus
672 1601 729 1654 aut
745 1592 855 1654 odium
875 1591 1008 1654 crudele
1025 1599 1159 1675 tyranni

204 1727 207 1732 ⁴
296 1695 366 1757 Aut
383 1704 491 1757 metus
508 1703 584 1758 acer
601 1706 691 1772 erat3
717 1703 828 1770 noves
846 1715 931 1778 quae
949 1696 1034 1758 torte
1052 1701 1197 1776 paratae,

296 1799 495 1880 Corripiunt,
514 1812 720 1882 onerantque
738 1809 834 1875 auro;
861 1809 1035 1882 portantur
1051 1805 1142 1861 avori

297 1904 522 1987 Pygmalionis
539 1912 620 1985 opes
639 1906 776 1986 pelago;
802 1906 869 1967 dux
886 1904 1010 1966 lomina
1028 1904 1116 1965 facti.

209 2021 255 2085 365
299 2008 473 2070 Devenere
492 2009 589 2084 locos,
609 2009 664 2071 ubi
682 2029 769 2072 nunc
787 2009 936 2090 ingentia
953 2008 1060 2071 cernis

298 2112 432 2174 Moenia
449 2124 709 2195 surgentemque
727 2133 832 2176 novae
853 2112 1070 2192 Karthoginis
1087 2131 1207 2187 arcem,

298 2218 503 2299 Mercotique
522 2219 638 2294 solum,
657 2219 737 2280 facti
753 2219 794 2280 do
811 2217 944 2308 nomine
963 2218 1113 2300 Byrsam,

295 2322 442 2384 Taurino
459 2332 617 2404 quantum
636 2333 773 2404 possent
790 2321 994 2384 circumdare
1011 2329 1114 2401 tergo.

297 2425 363 2489 Sed
379 2434 438 2488 vos
456 2437 512 2508 qui
527 2427 672 2499 tandem,
691 2427 810 2508 quibus
827 2436 884 2488 aut
900 2425 1037 2488 venistis
1054 2424 1096 2487 ab
1111 2431 1186 2500 oris,

208 2556 255 2606 370
296 2529 414 2611 Quove
431 2532 551 2593 tenetis
568 2531 649 2593 iter?
661 2531 678 2554 ”
752 2535 755 2548 ¹

724 2635 909 2716 Quaerenti
924 2635 1045 2697 talibus
1062 2633 1114 2696 ille

296 2736 476 2819 Suspirans
493 2749 625 2821 imoque
642 2740 778 2803 trahens
794 2746 813 2801 ai
831 2749 964 2820 pectore
982 2745 1113 2800 vocem:

340 2828 396 2906 “O
414 2844 486 2919 dea,
505 2854 532 2906 si
549 2851 654 2924 primo
671 2851 826 2924 repetens
843 2844 885 2905 ab
903 2843 1028 2922 origine
1046 2861 1193 2922 pergam,

297 2948 340 3009 Et
356 2959 451 3010 vacet
468 2949 605 3010 annolos
623 2957 808 3010 nostrorum
827 2947 940 3010 audire
957 2947 1115 3021 laborum,

295 3051 386 3114 Ante
403 3053 489 3114 diem
506 3053 619 3116 clauso
636 3061 814 3134 componet
832 3053 962 3133 Vesper
979 3051 1134 3134 Olympo.

212 3181 236 3232 ³7
241 3181 254 3232 5
297 3156 368 3217 Nos
384 3157 484 3220 Troiai
501 3165 646 3239 antiquat,
666 3167 693 3219 si
705 3164 833 3220 vestras
851 3157 937 3219 forte
954 3175 1013 3237 per
1029 3162 1125 3217 aures

271 3266 274 3272 '
295 3261 415 3323 Troiae
433 3270 553 3323 nomen
571 3262 615 3337 iit,
634 3263 763 3324 diversa
781 3282 840 3342 per
856 3280 1001 3342 aequora
1017 3266 1130 3322 vectos

297 3366 397 3428 Forte
415 3373 474 3428 sua
493 3366 627 3450 Libycis
644 3373 827 3447 tempestas
844 3365 973 3446 appulit
988 3372 1062 3426 oris.

297 3470 378 3534 Sum
396 3471 470 3551 pius
488 3472 632 3546 Aeneas,
652 3479 764 3550 raptos
782 3480 837 3551 qui
854 3489 894 3532 ex
911 3470 1006 3532 hoste
1024 3469 1165 3530 Penotos

297 3575 412 3637 Classe
429 3575 515 3638 veho
531 3582 670 3649 mecum,
688 3575 779 3636 tomo
796 3593 894 3654 super
910 3574 1046 3636 aethera
1062 3578 1168 3634 notus

209 3691 255 3756 380
298 3678 428 3740 Italiam
445 3686 568 3760 quaero
585 3679 725 3760 patriam
743 3688 776 3741 et
792 3697 898 3758 genus
916 3677 956 3738 ab
976 3678 1055 3740 love
1072 3683 1210 3738 summo.

298 3782 354 3845 Bis
371 3783 464 3845 donis
483 3783 663 3867 Phrygium
681 3782 859 3844 conscendi
875 3781 1014 3844 novibus
1030 3800 1163 3869 aequor,
1270 3831 1272 3834 .
