2796 4282
512 291 625 346 maen
651 288 821 344 TERTIUS
1171 297 1212 365 95

239 477 311 541 Nec
331 476 442 538 minus
460 470 708 545 Andromache,
729 470 881 550 digressu
901 477 1028 532 maesta
1047 488 1211 551 suprem0,

197 582 275 644 Fert
291 580 476 662 picturatas
493 575 565 638 auri
581 574 766 637 subtemine
783 581 893 636 vestes

197 685 239 748 Et
256 683 438 768 Phrygiam
457 679 605 742 Ascanio
623 677 842 762 chlamydem,
861 697 922 740 nec
939 677 1026 741 cedit
1043 675 1167 752 honori,

109 802 156 868 485
195 788 449 868 Textilibusque
465 792 580 848 onerat
597 781 701 855 donis,
720 801 757 844 ac
774 781 853 844 talia
869 782 977 843 fatur:

197 891 354 973 “Accipe
370 900 405 953 et
424 890 518 963 haec,
537 906 694 949 manuum
713 885 772 948 tibi
789 906 874 968 quae
893 896 1108 949 monumenta
1127 905 1212 948 mea·

281 1016 355 1057 rum

195 1100 280 1174 Sint,
294 1119 387 1181 puer,
400 1107 434 1161 et
452 1097 587 1177 longum
602 1095 859 1158 Andromachae
876 1103 1038 1158 testentur
1053 1113 1211 1168 amorem,

195 1202 356 1283 Coniugis
376 1202 574 1263 Hectoreae.
623 1199 715 1280 Cape
732 1199 819 1262 dona
835 1207 981 1262 extrema
997 1207 1137 1272 tuorum,

195 1308 226 1372 O
243 1307 325 1369 mihi
342 1305 413 1368 sola
429 1305 494 1368 mei
510 1325 610 1386 super
627 1305 845 1388 Astyanactis
861 1304 980 1385 imago.

110 1440 154 1488 490
195 1412 251 1476 Sic
268 1410 393 1485 oculos,
412 1409 458 1472 sic
474 1407 528 1471 ille
544 1428 672 1484 manus,
690 1408 736 1470 sic
752 1428 810 1470 ora
826 1406 973 1484 ferebat,

196 1516 240 1578 Et
256 1535 346 1578 nunc
363 1513 495 1596 aequali
510 1509 619 1576 tecum
638 1511 833 1594 pubesceret
849 1509 962 1574 aevo.’'

240 1613 316 1676 Hos
332 1633 397 1693 ego
414 1611 605 1693 digrediens
623 1612 766 1675 lacrimis
782 1610 921 1674 adfabar
937 1610 1080 1673 obortis:

197 1716 339 1781 “Vivite
356 1715 481 1791 felices,
500 1715 620 1798 quibus
636 1725 687 1779 est
703 1715 839 1778 fortuna
856 1725 990 1796 peracta

195 1819 269 1882 Iam
287 1839 365 1895 sua;
390 1839 451 1882 nos
466 1819 531 1881 alia
546 1840 587 1883 ex
602 1819 674 1883 aliis
690 1821 724 1882 in
741 1821 811 1883 fata
827 1841 991 1884 vocamur.

106 1949 152 2002 495
193 1923 300 1987 Vobis
317 1932 413 2004 parta
429 1923 540 2005 quies;
566 1923 694 1986 nullum
711 1924 810 1987 maris
827 1945 951 2007 aequor
966 1925 1136 2002 arandum,

193 2028 290 2090 Arva
305 2047 415 2110 neque
431 2027 604 2091 Ausoniae
621 2049 754 2110 semper
769 2029 920 2092 cedentia
935 2039 1023 2093 retro

194 2131 406 2213 Quaerenda.
454 2131 608 2212 Effigiem
626 2133 753 2196 Xanthi
769 2133 970 2215 Troiamque
985 2132 1114 2208 videtis,

194 2235 307 2316 Quam
323 2245 453 2298 vestrae
469 2236 579 2299 fecere
598 2257 726 2312 manus,
744 2236 942 2313 melioribus
961 2247 1048 2319 opto,

194 2339 376 2420 Auspiciis,
394 2349 427 2402 et
442 2359 527 2421 quae
543 2339 668 2404 fuerint
684 2342 792 2403 minus
809 2340 907 2404 obvia
922 2341 1028 2404 Grais.

106 2469 153 2523 500
196 2442 234 2507 Si
249 2442 384 2526 quando
400 2443 563 2526 Thybrim
580 2446 753 2527 vicinaque
769 2444 949 2528 Thybridis
966 2465 1045 2507 arva

197 2545 328 2609 Intraro
345 2549 502 2629 gentique
519 2567 612 2611 meae
628 2549 706 2611 data
723 2549 853 2612 moenia
868 2569 1011 2625 cernam,

144 2631 150 2644 ⁸
197 2650 368 2731 Cognatas
384 2651 482 2714 urbes
499 2653 576 2714 olim
594 2653 802 2736 populosque
819 2655 1032 2736 propinquos,

198 2754 310 2835 Epiro,
331 2754 505 2836 Hesperia,
524 2756 644 2838 quibus
661 2757 748 2819 idem
768 2757 947 2820 Dardanus
964 2767 1078 2821 auctor

195 2858 311 2940 Atque
327 2857 415 2921 idem
433 2879 538 2935 casus,
558 2881 658 2922 unam
675 2861 837 2924 faciemus
854 2871 1027 2943 utramque

109 2987 154 3041 505
196 2961 331 3025 Troiam
348 2962 486 3026 animis:
511 2973 644 3027 maneat
661 2974 793 3028 nostros
809 2985 849 3028 ea
864 2984 943 3027 cura
959 2965 1129 3046 nepotes.''

241 3169 460 3232 Provehimur
475 3172 594 3253 pelago
611 3172 720 3235 vicina
738 3171 903 3236 Ceraunia
918 3174 1018 3247 iuxta,

198 3272 299 3338 Unde
315 3275 377 3337 iter
395 3274 524 3337 Italiam
542 3296 725 3358 cursusque
740 3276 954 3340 brevissimus
970 3275 1075 3340 undis.

198 3377 257 3450 Sol
272 3377 342 3440 ruit.
352 3377 478 3442 interea
493 3388 526 3443 et
542 3389 672 3443 montes
690 3380 884 3442 umbrantur
900 3379 1004 3462 opaci.

199 3481 385 3545 Sternimur
401 3492 534 3564 optatae
551 3484 678 3565 gremio
695 3484 821 3548 telluris
837 3484 878 3546 ad
896 3484 1028 3560 undam,

113 3610 157 3663 510
199 3585 314 3650 Sortiti
329 3606 447 3662 remoS,
466 3587 655 3670 passimque
671 3589 704 3650 in
722 3588 815 3651 litore
832 3588 920 3651 sicco

199 3690 348 3772 Corpora
364 3711 535 3766 curamus;
560 3691 668 3754 fessos
683 3712 783 3773 sopor
799 3691 920 3773 inrigat
937 3701 1036 3754 artus.

201 3793 353 3856 Necdum
371 3794 483 3857 orbem
501 3794 645 3857 medium
664 3794 740 3857 Nox
758 3796 861 3858 Horis
876 3804 950 3857 acta
967 3793 1115 3872 subibat;
