2816 4282
197 314 260 378 320
312 380 315 386 .
555 303 713 357 venum
740 303 939 358 Aruernos

283 485 369 546 Tum
386 482 502 565 magis
521 492 557 547 ut
573 484 710 564 propius
726 492 866 546 cernunt
882 503 949 548 non
966 481 1089 547 viribus
1105 483 1229 567 aequis,

282 589 433 651 Adiuvat
448 588 579 651 incessu
595 589 695 650 tacito
711 607 909 669 progressus
925 598 958 651 et
974 609 1065 650 aram

196 717 244 752 220
284 692 487 774 Suppliciter
502 710 666 754 venerans
682 691 826 755 demisso
843 693 965 755 lumine
982 693 1124 768 Turnus,

283 796 519 877 Tabentesque
535 815 642 876 genae
659 805 692 860 et
708 795 852 859 iuvenali
868 795 901 857 in
918 816 1057 878 corpore
1074 797 1189 878 pallor.

283 901 392 983 Quem
409 900 506 962 simul
523 920 561 962 ac
580 900 721 963 Iuturna
736 919 829 965 soror
843 900 1052 964 crebrescere
1069 901 1150 965 vidit

283 1003 487 1080 Sermonem,
506 1014 539 1066 et
555 1003 646 1085 vulgi
662 1004 789 1067 variare
809 1004 956 1067 labantia
971 1005 1079 1080 corda,

284 1108 323 1169 In
340 1108 466 1171 medias
483 1107 580 1182 acies
599 1108 739 1171 lormam
757 1109 956 1171 adsimulata
972 1109 1127 1186 Camerti,
1138 1147 1182 1156 -—

196 1235 240 1286 225
282 1213 344 1276 Cui
361 1232 467 1293 genus
484 1233 503 1274 a
519 1211 651 1293 proavis
667 1212 795 1292 ingens
814 1212 1006 1294 clarumque
1023 1223 1184 1294 paternae

284 1317 415 1380 Nomen
432 1325 503 1378 erat
519 1316 656 1391 virtutis
674 1325 707 1379 et
724 1316 794 1396 ipse
811 1317 991 1379 acerrimus
1007 1317 1106 1380 armis
1118 1353 1161 1364 -

283 1420 323 1482 In
339 1419 465 1483 medias
481 1421 537 1482 dat
554 1439 628 1482 sese
644 1421 742 1495 acies,
760 1421 849 1484 haud
865 1423 978 1484 nescia
994 1440 1111 1497 rerum,
1134 1457 1135 1460 =

283 1517 513 1605 Rumoresque
529 1524 607 1586 serit
623 1526 740 1600 varios,
759 1545 797 1587 ac
813 1525 892 1588 talia
909 1525 1015 1587 latur:

326 1634 343 1660 “
354 1629 430 1690 Non
448 1628 559 1709 pudet,
578 1649 597 1691 o
612 1629 736 1703 Rutuli,
755 1649 815 1710 pro
832 1631 960 1692 cunctis
976 1629 1097 1694 talibus
1113 1651 1215 1693 unam

142 1787 148 1796 ,
194 1756 242 1805 230
282 1731 460 1794 Obiectare
477 1729 645 1796 animam?
668 1753 851 1796 numerone
868 1754 910 1797 an
926 1734 1050 1796 viribus
1066 1735 1163 1817 aequi

282 1837 359 1898 Non
383 1837 520 1899 sumus?
568 1838 618 1899 En
639 1856 754 1900 omnes
770 1847 805 1900 et
821 1838 927 1901 Troes
942 1848 975 1902 et
991 1838 1144 1902 Arcades
1160 1841 1195 1902 hi
1211 1849 1296 1915 sunt,

282 1941 481 2022 Fatalesque
499 1961 625 2015 manus
643 1941 775 2004 infensa
794 1943 927 2004 Etruria
944 1944 1065 2006 Turno.

233 2051 235 2054 ’
280 2044 345 2108 Vix
360 2046 498 2120 hostem,
517 2045 635 2106 alterni
652 2045 679 2108 si
695 2046 959 2127 congrediamur,
977 2047 1147 2112 habemus.

282 2149 342 2211 Ille
359 2149 492 2230 quidem
510 2149 552 2210 ad
569 2168 715 2230 superos
734 2171 873 2231 quorum
891 2171 926 2213 se
942 2145 1085 2214 devovet
1101 2151 1175 2227 ariS,

194 2276 238 2328 235
282 2253 445 2316 Succedet
462 2253 562 2329 fama,
580 2255 740 2335 vivusque
758 2273 817 2335 per
832 2274 890 2316 ora
905 2255 1049 2330 feretur3

282 2357 362 2432 Nos,
381 2358 488 2437 patria
504 2359 634 2433 amissa,
653 2358 795 2420 dominis
811 2379 928 2440 parere
945 2359 1096 2440 superbis

280 2461 456 2542 Cogemur,
474 2462 530 2543 qui
546 2481 635 2524 mmc
653 2462 733 2524 lenti
749 2463 961 2525 consedimus
977 2464 1094 2526 arvis.”

322 2565 459 2628 Talibus
475 2565 611 2628 incensa
627 2575 679 2629 est
692 2568 850 2630 iuvenum
868 2569 1032 2630 sententia
1048 2568 1143 2631 dictis

282 2671 351 2731 lam
366 2669 471 2750 magis
484 2679 583 2751 atque
596 2670 712 2751 magis
727 2673 896 2753 serpitque
909 2691 970 2753 per
981 2671 1114 2752 agmina
1130 2692 1295 2748 murmur;

193 2798 241 2846 240
282 2773 352 2854 Ipsi
369 2774 554 2836 Laurentes
570 2775 688 2836 mutati
704 2774 833 2856 ipsique
852 2774 971 2838 Latini.

279 2877 347 2960 Qui
363 2877 425 2940 sibi
440 2878 505 2940 iam
522 2878 671 2960 requiem
689 2894 822 2960 pugnae
838 2879 1004 2962 rebusque
1023 2882 1163 2944 salutem

280 2982 476 3063 Sperabant,
495 3003 583 3046 nunc
600 3003 691 3046 arma
708 2983 832 3059 volunt,
850 2984 1035 3067 foedusque
1052 2995 1230 3065 precantur

281 3086 458 3162 Inlectum,
476 3095 510 3150 et
525 3089 630 3150 Turni
647 3098 769 3151 sortem
786 3088 986 3150 miserantur
1005 3088 1162 3170 iniquam.

281 3191 344 3252 His
360 3190 449 3253 aliud
467 3191 572 3254 malus
592 3194 729 3256 Iuturna
746 3192 906 3274 adiungit,
925 3202 958 3255 et
974 3193 1040 3256 alto

193 3316 238 3368 ²45
282 3295 348 3357 Dat
365 3296 496 3375 signum
513 3297 613 3371 caelo,
632 3319 697 3380 quo
714 3317 779 3359 non
798 3296 1006 3378 praesentius
1023 3297 1125 3358 ullum

280 3400 441 3462 Turbavit
457 3413 585 3465 mentes
604 3405 713 3478 Italas,
732 3413 947 3485 monstroque
963 3403 1091 3466 fefellit.

279 3503 433 3585 Namque
450 3506 565 3568 volans
582 3507 680 3569 rubra
697 3507 807 3571 fulvus
827 3508 915 3570 Iovis
932 3507 1050 3570 alesin
1067 3505 1183 3570 aethra

281 3607 430 3672 Litoreas
448 3609 596 3689 agitabat
611 3629 690 3673 aves
705 3613 903 3694 turbamque
920 3621 1093 3676 sonantem
1115 3601 1117 3608 ’

279 3710 435 3790 Agminis
451 3713 574 3793 aligeri,
594 3715 701 3777 subito
717 3733 791 3777 cum
807 3716 923 3798 lapsus
939 3715 980 3779 ad
997 3717 1104 3779 undas

192 3835 240 3889 250
280 3813 432 3898 Cycnum
448 3817 664 3880 excellentem
681 3818 820 3898 pedibus
836 3822 925 3901 rapit
939 3820 1109 3902 improbus
1125 3819 1228 3884 uncis.
