2800 4286
26 239 29 246 ⁸
108 324 110 328 .
187 278 248 342 186
420 258 424 266 '
541 280 700 336 varroni
726 281 926 337 Aruernos

270 461 413 527 Centum
429 471 578 524 oratores
593 469 737 543 augusta
753 461 796 524 ad
812 460 943 525 moenia
958 461 1047 544 regis
1159 467 1164 476 “

271 566 325 629 Ire
340 564 441 641 iubet,
458 565 558 628 ramis
574 564 701 628 velatos
719 565 862 642 Palladis
877 586 1003 642 omnes,

185 692 229 746 ¹55
265 670 436 755 ¹Donaque
449 669 537 732 ferre
552 668 632 745 vir0,
651 689 834 752 pacemque
850 689 1030 752 exposcere
1046 670 1199 734 Teucris.

271 773 374 836 Haud
391 792 492 848 mora,
510 773 671 836 lestinant
686 773 767 836 iussi
783 774 974 857 rapidisque
991 775 1146 838 teruntur

272 877 437 941 Passibus.
485 877 563 959 lpse
579 876 696 939 humili
712 877 865 959 designat
882 879 1013 942 moenia
1029 879 1133 954 fossa,

271 981 473 1063 Moliturque
490 981 608 1057 locum,
627 983 817 1064 primasque
834 981 868 1045 in
883 982 978 1045 litore
995 983 1092 1046 sedes

270 1085 463 1150 Castrorum
479 1086 513 1148 in
531 1105 656 1149 morem
674 1086 785 1169 pinnis
802 1096 902 1169 atque
918 1106 1042 1169 aggere
1059 1085 1172 1167 cingit.

185 1203 230 1253 160
314 1190 454 1272 lamque
471 1190 533 1253 iter
549 1191 676 1252 emensi
693 1200 799 1253 turres
816 1211 854 1253 ac
871 1200 959 1254 tecta
974 1191 1169 1253 Latinorum

271 1293 388 1358 Ardua
403 1293 585 1370 cernebant
601 1295 747 1370 iuvenes
767 1315 927 1377 muroque
944 1294 1109 1358 subibant.

270 1398 362 1461 Ante
378 1398 493 1461 urbem
511 1397 606 1479 pueri
622 1407 656 1461 et
674 1399 842 1480 primaevo
860 1399 939 1462 flore
955 1400 1112 1461 iuventus

272 1504 478 1566 Exercentur
492 1502 596 1585 equis,
614 1503 844 1586 domitantque
860 1504 893 1565 in
912 1503 1048 1584 pulvere
1064 1523 1191 1579 currus,

270 1607 342 1670 Aut
357 1625 451 1669 acres
466 1607 610 1670 tendunt
625 1627 731 1683 arcus,
750 1617 806 1670 aut
823 1607 913 1670 lenta
929 1607 1061 1670 lacertis

186 1722 230 1787 165
271 1710 408 1793 Spicula
424 1719 654 1793 contorquent,
669 1731 834 1794 cursuque
851 1711 983 1794 ictuque
1001 1711 1189 1774 lacessunt:

270 1816 354 1880 Cum
372 1824 568 1896 praevectus
585 1834 671 1897 equo
688 1815 843 1897 longaevi
858 1815 946 1896 regis
962 1815 1005 1878 ad
1020 1833 1118 1877 aures

273 1919 418 1982 Nuntius
434 1919 588 2000 ingentes
604 1918 719 2000 ignota
733 1921 767 1982 in
784 1929 877 1983 veste
892 1928 1040 2002 reportat

271 2023 460 2086 Advenisse
476 2023 570 2086 viros
621 2008 785 2086 llleintra
801 2017 890 2087 tecta
905 2023 1017 2086 vocari

274 2127 430 2208 Imperat,
447 2136 481 2190 et
496 2128 579 2190 solio
597 2127 725 2190 medius
742 2123 893 2190 consedit
908 2128 1004 2190 avito

186 2256 231 2304 170
313 2232 454 2294 Tectum
467 2241 657 2312 augustum,
669 2233 799 2313 ingens,
811 2242 945 2295 centum
963 2229 1104 2294 sublime
1117 2228 1291 2302 columnis,

272 2334 366 2400 Urbe
383 2335 446 2398 luit
462 2356 601 2411 summa,
622 2336 800 2399 Laurentis
817 2337 909 2418 regia
926 2335 1002 2410 Pici,

200 2423 201 2426 ¹
273 2439 487 2503 Horrendum
505 2439 595 2503 silvis
610 2450 644 2503 et
661 2439 820 2522 religione
839 2448 1022 2522 parentum.

273 2543 339 2606 Hic
356 2553 488 2626 sceptra
505 2545 656 2626 accipere
673 2553 707 2608 et
723 2543 848 2626 primos
865 2544 1016 2607 attollere
1033 2543 1143 2606 lasces

274 2648 424 2729 Regibus
440 2668 537 2711 omen
553 2657 642 2725 erat3
668 2649 731 2711 hoc
748 2648 812 2711 illis
828 2647 919 2711 curia
935 2647 1106 2728 templum,

187 2773 231 2827 175
273 2752 349 2814 Hae
366 2743 468 2815 sacris
484 2752 581 2815 sedes
597 2752 724 2834 epulis;
749 2751 802 2816 hic
819 2751 921 2815 ariete
937 2771 1034 2815 caeso

273 2855 445 2937 Perpetuis
461 2856 548 2919 soliti
565 2865 677 2938 patres
693 2855 867 2920 considere
883 2855 1016 2918 mensis.

272 2959 363 3041 Quin
379 2959 480 3023 etiam
497 2970 645 3024 veterum
662 2960 789 3042 effigies
806 2980 847 3024 ex
862 2959 978 3023 ordine
994 2978 1131 3022 avorum

272 3064 457 3146 Antiquae
473 3064 582 3140 cedro,
603 3065 773 3146 Italusque
791 3074 951 3146 paterque
969 3062 1113 3128 Sabinus

271 3167 441 3244 Vitisator,
459 3188 594 3232 curvam
612 3189 750 3232 servans
767 3167 829 3231 sub
845 3167 990 3250 imagine
1006 3167 1137 3241 falcem,

187 3283 232 3333 180
272 3271 501 3355 Saturnusque
518 3293 620 3336 senex
638 3273 778 3355 Ianique
794 3271 950 3336 bifrontis
966 3271 1087 3351 imag0,
1164 3253 1167 3260 ¹

273 3375 448 3439 Vestibulo
461 3376 646 3452 adstabant,
665 3376 785 3458 aliique
802 3376 844 3438 ab
860 3375 987 3458 origine
1004 3394 1109 3456 reges,

275 3463 464 3562 Martiaque
480 3480 522 3543 ob
540 3481 681 3562 patriam
699 3480 881 3562 pugnando
898 3480 1036 3543 vulnera
1052 3478 1152 3560 passi.

276 3583 452 3666 Multaque
467 3593 639 3664 praeterea
656 3583 757 3646 sacris
773 3585 807 3646 iu
825 3583 974 3666 postibus
991 3603 1093 3658 arma,

160 3682 164 3688 ’
275 3686 408 3768 Captivi
424 3687 573 3768 pendent
588 3707 714 3764 currus,
732 3707 920 3770 curvaeque
937 3706 1079 3762 secures,

191 3797 236 3863 185
277 3788 322 3851 Et
336 3788 456 3853 cristae
472 3789 627 3871 capitum,
646 3799 679 3854 et
695 3800 865 3874 portarum
881 3790 1031 3873 ingentia
1046 3790 1200 3866 claustra,
