2816 4282
461 304 577 357 LIBER
602 305 833 358 UNDECIMUS
1136 315 1199 382 297

178 485 319 551 Oremus
337 503 468 566 pacem,
486 493 519 546 et
535 483 668 546 dextras
684 484 861 547 tendamus
877 484 1008 548 inertes.

95 615 139 666 4¹5
180 589 437 670 Quamquamo
454 587 482 650 si
498 587 614 651 solitae
632 589 808 670 quiequam
826 589 955 652 virtutis
972 590 1121 655 adesset!

179 693 237 757 Ille
253 691 336 754 mihi
352 700 432 754 ante
449 691 530 753 alios
547 691 803 774 fortunatusque
819 692 969 756 laborum

177 799 412 880 Egregiusque
429 795 539 872 animi,
558 795 623 877 qui,
642 815 684 859 ne
701 797 779 878 quid
797 797 862 860 tale
879 798 1015 871 videret,

178 902 356 967 Procubuit
372 899 528 975 moriens,
546 912 579 962 et
596 901 732 962 humum
750 903 854 964 semel
870 923 926 966 ore
942 904 1127 969 momordit.

177 1008 235 1073 Sin
251 1017 286 1070 et
303 1025 387 1088 opes
404 1004 500 1067 nobis
516 1014 549 1067 et
566 1004 675 1068 adhue
692 1005 817 1070 intacta
833 1008 997 1085 iuventus,

95 1137 139 1184 420
176 1113 380 1194 Auxilioque
395 1109 496 1173 urbes
514 1111 619 1173 Italae
640 1111 820 1193 populique
836 1123 1025 1194 supersunt,

176 1217 234 1282 Sin
250 1226 285 1280 et
301 1213 458 1278 Troianis
474 1235 548 1278 cum
566 1215 670 1277 multo
686 1216 791 1296 gloria
806 1216 897 1278 venit

177 1321 493 1402 Sanguine—sunt
509 1319 572 1382 illis
589 1339 648 1382 sua
665 1321 794 1394 funera,
812 1341 938 1402 parque
955 1341 1014 1403 per
1030 1341 1146 1386 omnes

176 1427 377 1506 Tempestas
387 1456 430 1469 -
441 1443 498 1486 cur
514 1422 687 1487 indecores
703 1423 736 1486 in
754 1424 865 1488 limine
882 1425 987 1506 primo

178 1528 386 1593 Deficimus?
410 1537 563 1591 curante
580 1527 694 1590 tubam
712 1538 834 1592 tremor
850 1540 992 1611 occupat
1008 1529 1121 1592 artus?

98 1658 139 1710 425
178 1635 286 1697 Multa
302 1633 376 1696 dies
391 1631 539 1714 variique
556 1631 649 1695 labor
665 1633 832 1696 mutabilis
848 1635 921 1696 aevi

177 1737 318 1802 Rettulit
335 1737 369 1798 in
387 1736 524 1811 melius;
549 1737 671 1799 multos
689 1738 815 1800 alterna
831 1737 980 1801 revisens

177 1842 272 1904 Lusit
284 1849 319 1904 et
335 1843 369 1903 in
387 1840 492 1902 solido
508 1859 622 1903 rursus
640 1841 788 1903 Fortuna
805 1841 932 1904 locavit.

177 1947 253 2011 Non
270 1945 333 2008 erit
351 1943 471 2008 auxilio
489 1944 583 2007 nobis
600 1943 742 2007 Aetolus
758 1954 791 2008 et
808 1945 913 2026 Arpi:

176 2051 223 2113 At
242 2051 424 2129 Messapus
440 2049 510 2122 erit,
529 2048 675 2130 felixque
692 2048 899 2125 Tolumnius,
917 2059 949 2112 et
965 2071 1049 2132 quos

101 2177 142 2226 430
176 2155 241 2217 Tot
258 2153 376 2234 populi
392 2153 511 2214 misere
527 2153 649 2227 duces;
673 2171 735 2215 nec
753 2173 855 2234 parva
872 2164 1028 2235 sequetur

177 2257 290 2322 Gloria
307 2255 455 2320 delectos
473 2256 570 2319 Latio
586 2266 620 2318 et
639 2256 862 2320 Laurentibus
879 2257 976 2337 agris.

178 2363 238 2424 Est
255 2371 289 2424 et
305 2360 502 2424 Volscorum
519 2359 655 2442 egregia
672 2361 713 2423 de
729 2371 829 2442 gente
847 2362 995 2438 Camilla,

178 2467 312 2548 Agmen
330 2483 435 2545 agens
451 2466 600 2546 equitum
618 2475 652 2528 et
669 2465 825 2528 florentes
842 2485 918 2528 aere
935 2476 1093 2531 catervas

178 2570 317 2652 Quodsi
334 2588 387 2631 me
405 2569 511 2631 solum
528 2570 649 2631 Teucri
666 2569 698 2631 in
717 2570 898 2632 certamina
915 2582 1065 2651 poscunt,
1179 2563 1181 2568 Α

104 2697 143 2749 435
180 2674 285 2756 ldque
303 2673 422 2754 placet,
438 2682 635 2755 tantumque
652 2672 749 2736 bonis
767 2675 998 2737 communibus
1015 2675 1119 2752 obst0,

180 2779 255 2842 Non
274 2777 358 2840 adeo
375 2777 435 2840 has
452 2795 551 2840 exosa
568 2797 687 2839 manus
705 2777 853 2841 Victoria
870 2778 966 2860 fugit,

180 2884 225 2947 Ut
241 2891 335 2944 tanta
352 2881 528 2963 quiequam
545 2901 605 2962 pro
622 2899 682 2962 spe
699 2890 863 2962 temptare
879 2902 1039 2946 recusem.

181 2986 239 3051 Ibo
255 2985 376 3048 animis
391 2993 515 3059 contra,
533 2985 586 3047 vel
604 3005 762 3066 magnum
783 2996 930 3066 praestet
946 2988 1102 3050 Achillen

180 3091 349 3172 Factaque
365 3076 507 3151 Vulcani
525 3089 677 3152 manibus
694 3089 787 3170 paria
803 3091 919 3153 induat
935 3111 1026 3154 arma

106 3217 146 3264 44ο
182 3195 241 3257 Ille
258 3194 342 3256 licet.
390 3191 496 3255 Vobis
513 3193 656 3255 animam
673 3193 761 3257 hanc
778 3213 959 3276 soceroque
978 3196 1099 3259 Latino

179 3299 312 3362 Turnus
328 3317 401 3380 ego,
420 3301 508 3363 haud
526 3301 582 3363 ulli
599 3310 748 3364 veterum
765 3300 886 3363 virtute
903 3301 1079 3375 secundus,

183 3403 318 3466 Devovi.
367 3405 500 3468 ‘Solum
519 3406 655 3470 Aeneas
671 3406 788 3469 vocat'
839 3405 882 3466 Et
899 3414 993 3467 vocet
1010 3424 1086 3480 or0;

183 3507 252 3570 Nec
270 3493 422 3572 Drances
438 3509 557 3590 potius
576 3509 644 3572 sive
660 3519 711 3572 est
728 3510 810 3572 haec
827 3509 875 3570 ira
891 3509 1038 3586 deorum,

182 3613 289 3676 Morte
305 3614 384 3688 luat,
402 3613 470 3676 sive
486 3622 536 3676 est
552 3613 656 3676 virtus
673 3623 705 3677 et
722 3613 835 3695 gloria,
855 3613 979 3677 tollat.’'

112 3739 149 3792 445
224 3716 275 3779 llli
292 3717 375 3781 haec
390 3719 476 3780 inter
492 3737 527 3780 se
545 3717 653 3780 dubiis
670 3718 710 3780 de
727 3717 826 3780 rebus
842 3716 988 3797 agebant

183 3822 373 3896 Certantes;
397 3831 506 3884 castra
522 3822 658 3884 Aeneas
675 3821 846 3902 aciemque
863 3822 1024 3883 movebat.
