2800 4286
198 303 262 365 244
555 293 712 347 vaaomr
737 295 936 350 ¹nummos

330 474 505 546 Fortunati
521 474 637 538 ambo!
663 477 690 538 si
706 476 785 558 quid
802 496 876 539 mea
893 477 1041 540 carmina
1057 489 1209 559 possunt,

287 580 387 642 Nulla
404 579 474 642 dies
490 599 648 661 umquam
666 581 805 643 memori
820 601 879 643 vos
896 581 1018 645 eximet
1034 603 1127 660 aevu,

287 685 377 746 Dum
394 684 512 746 domus
529 685 668 760 Aeneae
686 684 830 765 Capitoli
846 684 1014 750 immobile
1030 707 1149 750 saxum

284 789 435 864 Accolet,
452 787 695 870 imperiumque
712 797 807 870 pater
825 791 997 854 Romanus
1013 792 1158 857 habebit.

195 918 245 969 450
304 897 311 911 '
327 895 480 957 Victores
497 893 622 974 praeda
640 893 756 955 Rutuli
772 895 953 977 spoliisque
969 896 1074 978 potiti,

283 998 497 1061 Volscentem
514 998 704 1060 exanimum
720 998 838 1062 flentes
854 999 887 1061 in
904 1010 1012 1064 castra
1029 1002 1194 1066 ferebant.

285 1104 356 1165 Nec
374 1103 480 1165 minor
496 1101 529 1164 in
547 1103 664 1165 castris
680 1102 789 1166 luctus
807 1105 996 1168 Rhamnete
1013 1115 1147 1187 reperto

285 1206 457 1287 Exsangui
473 1216 505 1270 et
522 1208 636 1288 primis
653 1228 722 1269 una
736 1216 786 1270 tot
802 1209 905 1272 caede
921 1212 1111 1292 peremptis,

283 1311 493 1393 Serranoque
513 1313 700 1393 Numaque.
749 1313 876 1394 Ingens
894 1335 1073 1377 concursus
1090 1316 1133 1377 ad
1149 1315 1223 1398 ipsa

194 1437 241 1491 455
283 1416 432 1496 Corpora
448 1415 699 1498 seminecesque
715 1417 803 1479 viros
819 1417 998 1500 tepidaque
1015 1429 1185 1482 recentem

282 1520 394 1583 Caede
411 1520 519 1582 locum
537 1529 570 1582 et
588 1521 704 1602 plenos
721 1523 890 1602 spumanti
907 1523 1070 1603 sanguine
1086 1523 1185 1586 rivos,

281 1624 506 1705 Adgnoscunt
523 1624 630 1705 spolia
645 1626 732 1687 inter
748 1645 784 1688 se
801 1625 998 1708 galeamque
1015 1627 1178 1690 nitentem

188 1751 189 1754 ¹
283 1729 434 1809 Messapi
449 1737 483 1791 et
499 1729 602 1791 multo
621 1729 775 1810 phaleras
792 1730 912 1792 sudore
928 1740 1090 1812 receptas.

328 1834 371 1895 Et
387 1833 451 1894 iam
469 1833 576 1914 prima
592 1854 680 1896 novo
696 1833 877 1915 spargebat
892 1834 1016 1898 lumine
1032 1845 1139 1899 terras

193 1949 242 2009 460
281 1937 418 2000 Tithoni
434 1957 587 2000 croceum
605 1938 757 2019 linquens
773 1939 906 2002 Aurora
922 1939 1049 2015 cubile;

283 2043 354 2104 Iam
371 2043 441 2104 sole
457 2042 580 2116 inluso,
597 2041 662 2103 iam
679 2042 777 2104 rebus
794 2042 867 2105 luce
884 2043 1025 2119 retectis,

281 2146 415 2208 Turnus
431 2145 464 2207 in
481 2165 573 2207 arma
589 2147 686 2221 viros,
704 2147 804 2208 armis
821 2148 1044 2210 circumdatus
1059 2149 1142 2230 ipse,

281 2249 436 2325 Suscitat‚
454 2259 651 2331 aeratasque
666 2252 755 2313 acies
771 2250 805 2312 in
822 2251 946 2332 proelia
962 2252 1051 2333 cogit

282 2354 432 2436 Quisque
449 2374 535 2429 suaS,
553 2353 718 2436 variisque
734 2364 858 2417 acuunt
874 2356 1061 2418 rumoribus
1077 2356 1152 2420 iras

191 2441 239 2534 465¹
282 2458 372 2540 Quin
388 2458 461 2540 ipsa
477 2449 749 2522 arrectis—visu
766 2459 1047 2523 miserabile—in
1064 2461 1171 2524 hastis

281 2563 472 2644 Praefigunt
488 2562 598 2644 capita
614 2572 647 2625 et
663 2563 767 2626 multo
783 2565 927 2627 clamore
941 2574 1125 2646 sequuntur

281 2667 418 2751 Euryali
435 2677 468 2730 et
485 2667 567 2730 Nisi.

281 2772 464 2835 Aeneadae
480 2771 554 2834 duri
569 2793 738 2834 murorum
754 2772 788 2834 in
805 2782 900 2854 parte
916 2771 1049 2836 sinistra

281 2875 481 2957 Opposuere
497 2878 611 2950 aciem,
622 2896 754 2938 -nam
771 2877 906 2939 dextera
923 2876 1066 2958 cingitur
1082 2879 1227 2940 amni—

191 3004 241 3055 470
282 2981 509 3062 Ingentesque
525 2990 642 3042 tenent
658 2981 776 3056 fossas
795 2989 828 3043 et
846 2981 992 3044 turribus
1012 2980 1086 3045 altis

281 3085 379 3148 Stant
395 3084 530 3161 maesti;
556 3084 654 3147 simul
670 3105 728 3146 ora
744 3084 851 3148 virum
868 3085 1016 3167 praefixa
1033 3086 1222 3161 movebant,

282 3190 371 3252 Nota
388 3188 484 3251 nimis
502 3188 630 3251 miseris
648 3199 785 3271 atroque
803 3189 940 3252 fluentia
956 3190 1043 3252 tabo.

325 3294 458 3355 Interea
474 3294 630 3374 pavidam
646 3293 788 3356 volitans
805 3304 952 3375 pennata
975 3314 1033 3375 per
1050 3293 1166 3357 urbem

281 3398 409 3460 Nuntia
426 3399 532 3460 Fama
548 3399 622 3474 ruit,
640 3400 821 3480 matrisque
838 3397 1004 3461 adlabitur
1020 3418 1116 3460 aures

191 3524 238 3577 475
281 3502 427 3586 Euryali.
477 3503 525 3565 At
542 3502 670 3565 subitus
688 3504 827 3567 miserae
844 3503 933 3566 calor
949 3523 1025 3566 ossa
1042 3502 1193 3584 reliquit;

281 3608 422 3670 Excussi
439 3607 592 3670 manibus
609 3606 701 3682 radii,
719 3608 936 3690 revolutaque
952 3627 1065 3688 pensa.

282 3711 401 3772 Evolat
418 3709 542 3785 infelix,
560 3719 593 3772 et
610 3709 756 3773 femineo
773 3712 909 3788 ululatu,

281 3813 394 3878 Scissa
411 3833 549 3886 comam,
568 3833 679 3876 muros
696 3833 811 3876 amens
828 3824 927 3897 atque
944 3816 1077 3897 agmina
1094 3835 1192 3878 cursu
