2800 4286
550 309 707 360 VERGlLl
734 309 932 362 AENElDOS

277 493 409 572 Totque
426 489 524 552 maris
541 499 722 571 vastaeque
739 490 901 552 exhausta
918 489 1064 570 pericula
1080 499 1202 566 terrae,

280 597 369 656 Dum
388 595 521 656 Latium
539 595 660 656 Teucri
676 595 888 675 recidivaque
906 594 1067 675 Pergama
1083 596 1275 676 quaerunt?

173 685 189 690 '¹
259 686 355 763 ''Non
373 697 484 774 satius,
503 698 630 761 cineres
647 697 772 778 patriae
789 697 949 760 insedisse
966 718 1141 779 supremos

278 804 392 885 Atque
408 803 525 878 solum,
543 823 609 884 quo
626 802 725 864 Troia
741 802 826 864 fuit?
854 803 1026 865 Xanthum
1044 813 1077 865 et
1094 803 1270 867 Simoenta

280 908 404 982 Redde,
423 928 489 983 oro,
508 906 646 982 miseris,
665 907 849 989 iterumque
866 907 1034 969 revolvere
1051 928 1151 970 casus

280 1014 341 1087 Da,
360 1023 463 1093 pater,
484 1012 604 1074 iliacos
621 1011 791 1074 Teucris.’'
838 1013 925 1074 Tum
942 1013 1033 1092 regia
1053 1013 1139 1074 luno

278 1117 366 1179 Acta
383 1117 495 1179 lurore
512 1118 624 1197 gravi:
655 1115 773 1197 “Quid
791 1136 843 1178 me
859 1117 926 1178 alta
943 1116 1072 1178 silentia
1089 1115 1201 1198 cogis.

279 1222 449 1302 Rumpere
466 1231 499 1284 et
515 1221 697 1284 obductum
714 1220 824 1283 verbis
839 1222 977 1301 vulgare
994 1221 1169 1283 dolorem?

278 1326 421 1388 Aenean
438 1326 609 1388 hominum
626 1327 800 1407 quisquam
818 1325 996 1407 divumque
1014 1325 1148 1406 subegit

279 1431 372 1492 Bella
389 1430 492 1512 sequi,
510 1440 568 1493 aut
581 1431 711 1492 hostem
728 1429 798 1511 regi
816 1450 850 1492 se
866 1429 990 1492 inferre
1009 1429 1153 1491 Latino?

279 1534 409 1596 ltaliam
425 1534 520 1615 petiit
536 1534 614 1596 fatis
631 1535 871 1596 auctoribus—
883 1543 1008 1596 esto—

278 1637 488 1701 Cassandrae
504 1639 667 1720 impulsus
684 1638 799 1700 iuriis:
825 1659 903 1700 num
921 1637 1070 1719 linquere
1087 1649 1201 1701 castra

279 1743 414 1804 Hortati
431 1763 554 1818 sumus,
572 1752 629 1805 aut
644 1742 747 1804 vitam
763 1742 968 1805 committere
984 1743 1116 1805 ventis?

280 1847 369 1910 Num
387 1852 490 1928 puero
507 1867 670 1909 summam
687 1846 773 1922 belli,
792 1867 870 1908 num
888 1846 1023 1909 credere
1040 1837 1164 1924 muros

277 1952 554 2034 Tyrrhenamque
572 1951 671 2014 iidem
688 1961 745 2013 aut
761 1960 879 2032 gentes
896 1951 1024 2031 agitare
1041 1951 1197 2033 quietas?

278 2053 362 2134 Quis
379 2054 460 2116 deus
477 2054 510 2116 in
528 2054 689 2130 fraudem,
708 2075 792 2137 quae
809 2054 891 2116 dura
909 2055 1058 2135 potentia
1074 2066 1192 2118 nostra

278 2157 381 2238 Egit?
405 2157 461 2220 ubi
478 2158 530 2221 hic
549 2159 643 2234 luno,
662 2159 848 2222 demissave
864 2159 1007 2222 nubibus
1025 2158 1109 2221 Iris?

279 2261 459 2342 Indignum
477 2272 527 2324 est
545 2263 648 2325 Italos
665 2263 798 2324 Troiam
816 2263 1022 2325 circumdare
1039 2261 1184 2327 flammis
1237 2311 1239 2314 -

279 2366 492 2440 Nascentem‚
510 2376 543 2428 et
560 2367 668 2447 patria
685 2368 835 2428 Turnum
852 2367 1033 2430 consistere
1050 2377 1148 2445 terra,

277 2469 340 2532 Cui
357 2470 526 2532 Pilumnus
544 2491 633 2546 avus,
652 2471 705 2533 cui
722 2471 798 2532 diva
814 2470 947 2534 Venilia
965 2480 1089 2534 mater:

277 2573 376 2654 Quid,
394 2573 468 2636 face
485 2574 648 2636 Troianos
665 2584 736 2637 atra
752 2575 819 2637 vim
837 2575 924 2637 ferre
943 2575 1080 2651 Latinis

256 2726 258 2730 .
276 2678 369 2739 Arva
385 2678 493 2739 aliena
506 2679 583 2759 iugo
601 2698 752 2759 premere
769 2688 869 2761 atque
886 2690 1036 2742 avertere
1053 2681 1226 2760 praedas?

276 2781 365 2862 Quid
384 2801 515 2843 soceros
533 2783 643 2863 legere
660 2793 693 2845 et
709 2782 843 2863 gremiis
860 2782 1025 2845 abducere
1042 2794 1169 2864 pactas

168 2921 172 2930 ·
278 2886 396 2947 Pacem
413 2905 506 2948 orare
524 2907 634 2962 manu,
652 2887 836 2967 praefigere
853 2887 1021 2968 puppibus
1038 2889 1154 2951 arma?

275 2989 327 3050 Tu
345 2999 439 3069 potes
458 2990 598 3052 Aenean
615 2989 768 3052 manibus
785 2989 969 3053 subducere
988 2990 1135 3068 Graium,

277 3093 405 3173 Proque
422 3095 491 3155 viro
509 3093 664 3156 nebulam
681 3103 714 3156 et
730 3104 848 3157 ventos
865 3094 1047 3158 obtendere
1064 3097 1192 3173 inanes,

277 3197 320 3257 Et
337 3205 432 3276 potes
448 3197 481 3258 in
498 3197 634 3260 totidem
651 3199 791 3261 classem
809 3208 1003 3262 convertere
1021 3201 1220 3284 Nymphas:

277 3299 348 3360 Nos
365 3300 488 3381 aliquid
506 3301 647 3363 Rutulos
664 3312 778 3365 contra
794 3303 915 3366 iuvisse
932 3304 1115 3366 nefandum
1134 3305 1209 3367 est?

320 3409 337 3433 “
350 3403 503 3466 ‘Aeneas
519 3404 654 3484 ignarus
671 3407 804 3469 abest':
829 3406 964 3488 ignarus
981 3417 1014 3470 et
1031 3408 1125 3470 absit.
1162 3417 1165 3420 ’

277 3507 338 3568 Est
356 3507 499 3586 Paphus
520 3507 728 3591 Idaliumque
746 3509 813 3586 tibi,
832 3521 909 3574 sunt
925 3513 993 3574 alta
1010 3512 1177 3596 Cythera:
1261 3492 1264 3498 ¹

276 3609 365 3690 Quid
382 3609 552 3690 gravidam
570 3611 665 3674 bellis
682 3613 796 3677 urbem
815 3625 848 3678 et
865 3617 965 3679 corda
982 3637 1100 3696 aspera
1117 3618 1290 3698 temptas?

278 3715 393 3775 Nosne
409 3713 468 3774 tibi
485 3714 589 3776 fluxas
608 3717 772 3800 Phrygiae
790 3739 842 3782 res
858 3730 986 3783 vertere
1004 3721 1108 3783 fundo

275 3816 466 3879 Conamur?
490 3837 558 3892 nos,
577 3840 618 3880 an
636 3820 772 3884 miseros
785 3823 842 3904 qui
859 3824 964 3886 Troas
982 3824 1122 3888 Achivis
