2796 4282
358 899 660 975 arnamar
701 871 959 976 unnoms

451 1115 868 1209 AENEIDOS

460 1379 606 1460 arnan
638 1397 857 1480 oumrus

238 1567 373 1630 Interea
390 1565 535 1629 medium
553 1566 688 1629 Aeneas
704 1567 769 1629 iam
786 1568 892 1629 classe
910 1567 1044 1630 tenebat

192 1672 314 1735 Certus
330 1672 401 1747 iter,
420 1671 605 1753 fluctusque
622 1681 711 1733 atros
728 1670 882 1752 aquilone
899 1671 1041 1745 secabat,

194 1775 331 1840 Moenia
348 1775 538 1856 respiciens,
557 1795 641 1857 quae
658 1774 722 1837 iam
740 1775 883 1837 infelicis
901 1775 1029 1838 Elissae

193 1879 383 1943 Conlucent
400 1879 549 1942 flammis.
597 1879 693 1960 Quae
710 1888 839 1942 tantum
858 1879 1046 1943 accenderit
1064 1879 1172 1960 ignem

123 2008 136 2060 5
191 1983 315 2058 Causa,
334 1985 431 2058 latet;
457 1983 531 2045 duri
547 2003 669 2064 magno
686 1984 745 2046 sed
763 2003 874 2046 amore
890 1983 1021 2046 dolores

193 2088 335 2163 Pollut0,
353 2097 544 2170 notumque,
564 2088 678 2151 furens
696 2087 774 2170 quid
793 2087 918 2150 femina
935 2089 1049 2169 possit,

192 2193 305 2255 Triste
323 2212 381 2272 per
397 2191 572 2272 augurium
589 2193 793 2254 Teucrorum
812 2201 947 2273 pectora
964 2193 1097 2254 ducunt.

239 2298 287 2360 Ut
305 2296 443 2377 pelagus
460 2305 596 2360 tenuere
614 2306 711 2372 rates
729 2317 790 2360 nec
808 2297 872 2358 iam
889 2296 1032 2378 amplius
1048 2296 1115 2358 ulla

193 2401 349 2465 Occurrit
365 2401 472 2476 telluS,
492 2401 594 2463 maria
611 2401 756 2483 undique
773 2412 805 2465 et
823 2401 967 2483 undique
984 2400 1121 2475 caelum,

104 2532 133 2566 10
192 2505 261 2570 Olli
278 2506 450 2575 caeruleus
467 2526 567 2587 supra
584 2515 683 2587 caput
700 2506 825 2568 adstitit
842 2506 955 2580 imber,

196 2611 338 2673 Noctem
357 2611 566 2692 hiememque
585 2611 705 2686 ferens,
720 2620 752 2673 et
771 2611 932 2673 inhorruit
949 2610 1038 2672 unda
1054 2609 1209 2672 tenebris.

196 2716 274 2796 lpse
291 2717 494 2797 gubernator
512 2716 616 2798 puppi
635 2716 807 2779 Palinurus
824 2715 865 2778 ab
882 2716 967 2777 alta:

195 2824 213 2850 “
227 2819 324 2881 Heu!
349 2820 505 2902 quianam
523 2821 607 2882 tanti
624 2821 798 2884 cinxerunt
815 2821 951 2883 aethera
968 2818 1093 2880 nimbi?

194 2919 337 3001 Quidve,
356 2930 451 3002 pater
469 2923 636 3002 Neptune,
656 2921 804 3003 paras?’'
852 2919 906 2984 Sic
923 2919 1043 2983 deinde
1061 2921 1189 2981 locutus

106 3051 114 3084 ι
121 3050 134 3101 5
193 3025 360 3105 Colligere
377 3045 468 3087 arma
486 3025 575 3089 iubet
592 3026 774 3108 validisque
791 3025 981 3088 incumbere
999 3023 1106 3098 remis,

193 3128 422 3211 Obliquatque
439 3131 530 3192 sinus
547 3131 580 3192 in
598 3139 742 3205 ventum,
761 3150 798 3193 ac
815 3128 894 3192 talia
912 3129 1019 3190 fatur:

194 3238 214 3264 “
227 3235 445 3315 Magnanimo
462 3236 589 3312 Aenea,
609 3256 685 3311 non,
704 3235 731 3298 si
748 3234 828 3297 mihi
847 3233 998 3315 luppiter
1014 3242 1129 3295 auctor

196 3338 379 3419 Spondeat,
397 3340 459 3402 hoc
477 3360 608 3421 sperem
627 3340 757 3402 ltaliam
774 3338 968 3420 contingere
985 3337 1086 3400 caelo.

197 3443 320 3506 Mutati
336 3453 525 3507 transversa
543 3445 691 3507 fremunt
707 3453 740 3507 et
757 3463 895 3525 vespere
912 3442 953 3505 ab
970 3451 1041 3503 atro

105 3575 134 3609 20
194 3547 410 3629 Consurgunt
426 3549 525 3624 venti,
544 3558 644 3631 atque
660 3548 693 3610 in
711 3548 832 3611 nubem
849 3548 978 3628 cogitur
994 3564 1059 3608 aer.

197 3651 270 3714 Nec
286 3673 347 3715 nos
364 3652 468 3715 obniti
484 3661 608 3729 contra,
627 3673 689 3716 nec
706 3651 843 3716 tendere
857 3661 985 3714 tantum

195 3755 394 3820 Sufficimus.
443 3756 587 3839 Superat
604 3757 761 3840 quoniam
779 3757 937 3830 Fortuna,
957 3772 1144 3836 sequamur,

194 3859 338 3942 Quoque
354 3869 460 3937 vocat,
478 3871 647 3924 vertamus
663 3862 733 3923 iter.
783 3861 855 3926 Nec
872 3860 968 3921 litora
983 3859 1082 3943 longe
1137 3862 1141 3870 '

641 3975 685 4028 1²5
