2800 4286
230 347 290 410 242
583 333 741 386 VERGILI
767 333 965 386 AENE1DOS

315 514 404 578 Silva
420 513 483 576 fuit
499 513 566 575 late
583 512 691 574 dumis
708 521 807 594 atque
823 511 898 575 ilice
914 513 1008 593 nigra
1122 535 1124 539 ’

315 618 469 693 Horrida,
487 637 585 700 quam
604 616 699 679 densi
715 616 921 698 complerant
939 616 1085 699 undique
1103 628 1234 693 sentes;

314 724 403 785 Rara
421 742 479 803 per
495 722 643 784 occultos
659 720 790 783 lucebat
807 721 924 783 semita
941 721 1050 784 calles

314 826 495 911 Euryalum
512 825 670 888 tenebrae
687 844 852 887 ramorum
870 844 1076 907 onerosaque
1094 809 1221 907 praeda

226 943 272 1008 385
314 931 514 1012 Impediunt,
533 929 684 1011 fallitque
700 928 798 991 timor
815 929 950 1010 regione
967 929 1104 993 viarum.

358 1035 461 1098 Nisus
477 1033 563 1109 abit;
588 1033 719 1115 iamque
735 1034 929 1114 imprudens
946 1045 1097 1097 evaserat
1115 1036 1230 1097 hostes

314 1140 426 1222 Atque
442 1139 541 1213 locos,
560 1137 615 1220 qui
632 1148 708 1220 post
724 1137 834 1200 Albae
850 1138 891 1200 de
908 1139 1041 1201 nomine
1058 1138 1138 1201 dicti

313 1242 570 1306 Albani-tum
586 1261 643 1305 rex
660 1242 790 1305 stabula
806 1242 873 1304 alta
891 1243 1030 1305 Latinus
1047 1243 1245 1306 habebat-

315 1350 361 1413 Ut
379 1349 476 1422 stetit,
494 1356 527 1409 et
543 1347 667 1408 frustra
683 1347 855 1409 absentem
872 1347 1015 1428 respexit
1032 1348 1185 1410 amicum.

227 1477 275 1527 390
315 1452 489 1536 “Euryale
505 1451 629 1526 infelix,
646 1471 712 1532 qua
727 1460 760 1513 te
777 1452 912 1531 regione
927 1451 1070 1532 reliqui?
1098 1475 1100 1480 ·

315 1557 433 1637 Quave
449 1575 578 1637 sequar,
596 1575 710 1617 rursus
728 1555 923 1636 perplexum
940 1554 1001 1618 iter
1017 1575 1116 1618 omne
1133 1557 1300 1619 revolvens
1382 1557 1383 1562 ’

316 1660 458 1722 Fallacis
474 1660 576 1722 silvae
588 1659 599 1721 ?
610 1659 628 1684 ”
675 1659 780 1722 Simul
797 1669 830 1721 et
845 1658 986 1740 vestigia
1002 1669 1091 1722 retro

315 1763 501 1828 Observata
519 1763 608 1844 legit,
626 1763 802 1844 dumisque
819 1763 992 1825 silentibus
1008 1772 1105 1826 errat.

316 1868 421 1930 Audit
438 1887 550 1950 equoS,
569 1867 661 1929 audit
678 1868 835 1948 strepitus
852 1875 885 1929 et
902 1867 997 1948 signa
1014 1878 1224 1949 sequentum.

228 1996 274 2049 395
317 1975 388 2035 Nec
406 1971 541 2053 longum
559 1973 592 2032 in
609 1971 719 2033 medio
734 1980 876 2052 tempuS,
895 1990 970 2034 cum
987 1971 1111 2034 clamor
1128 1973 1170 2034 ad
1189 1994 1281 2034 aures

317 2076 478 2150 Pervenit,
497 2096 536 2138 ac
552 2075 642 2138 videt
663 2076 854 2160 Euryalum,
874 2096 971 2158 quem
992 2075 1055 2138 iam
1078 2096 1200 2138 manus
1217 2077 1324 2148 omnis,

317 2180 448 2243 Fraude
466 2181 528 2242 loci
544 2188 577 2242 et
593 2181 707 2253 noctis
725 2179 836 2243 subito
852 2180 1006 2243 turbante
1023 2181 1178 2256 tumultu,

316 2285 524 2366 Oppressum
542 2283 628 2365 rapit
644 2293 678 2346 et
693 2293 869 2346 conantem
887 2284 1029 2366 plurima
1045 2285 1179 2347 frustra.

316 2389 405 2470 Quid
422 2388 546 2451 faciat?
570 2409 634 2470 qua
650 2387 683 2450 vi
699 2389 861 2463 iuvenem,
881 2389 1000 2470 quibus
1017 2389 1138 2452 audeat
1155 2390 1256 2452 armis

228 2518 277 2566 400
318 2493 478 2574 Eripere?
502 2514 545 2554 an
562 2512 635 2555 sese
652 2491 779 2555 medios
796 2493 973 2555 moriturus
989 2493 1022 2554 in
1039 2513 1137 2557 enses

317 2597 455 2671 Inferet,
473 2605 506 2659 et
523 2597 695 2678 pulchram
713 2606 869 2678 properet
886 2617 945 2677 per
960 2598 1097 2661 vulnera
1114 2597 1277 2661 mortem?

317 2701 419 2765 Ocius
436 2701 580 2764 adducto
597 2710 755 2782 torquens
772 2701 890 2764 hastile
907 2701 1040 2777 lacerto,

318 2805 509 2886 Suspiciens
526 2805 625 2866 altam
645 2805 775 2867 Lunam
792 2813 836 2880 et,
852 2806 899 2868 sic
915 2825 996 2868 voce
1011 2815 1186 2886 precatur:

317 2913 334 2940 ‘⁶
346 2910 407 2983 Tu,
424 2909 496 2984 dea,
514 2918 549 2971 tu
567 2929 725 2990 praesens
742 2918 855 2971 nostro
873 2929 1027 2972 succurre
1043 2909 1157 2984 labori,

228 3037 275 3089 405
316 3014 493 3076 Astrorum
511 3013 613 3075 decus
630 3023 662 3076 et
679 3033 851 3076 nemorum
871 3014 1012 3076 Latonia
1028 3023 1149 3076 custos.

317 3118 432 3199 Siqua
450 3117 514 3179 tuis
531 3137 687 3199 umquam
707 3138 765 3198 pro
783 3137 836 3180 me
852 3127 947 3198 pater
965 3118 1135 3202 Hyrtacus
1152 3120 1218 3180 aris

319 3223 416 3284 Dona
432 3221 515 3296 tulit,
534 3223 561 3284 si
577 3243 642 3304 qua
658 3222 730 3303 ipse
747 3225 829 3286 meis
844 3222 1020 3286 venatibus
1036 3223 1120 3297 auxi,

317 3325 526 3407 Suspendive
544 3327 644 3402 tholo,
662 3338 718 3390 aut
735 3347 829 3390 sacra
846 3327 887 3389 ad
904 3326 1039 3408 fastigia
1055 3326 1128 3388 lixi:

320 3430 421 3493 Hunc
435 3430 506 3493 sine
522 3450 575 3492 me
591 3431 724 3494 turbare
740 3432 885 3512 globum,
898 3440 932 3494 et
947 3451 1026 3512 rege
1042 3430 1108 3493 tela
1125 3451 1185 3512 per
1202 3428 1323 3494 auras.'’

229 3559 278 3605 410
363 3534 509 3609 Dixerat,
528 3545 560 3598 et
576 3545 646 3598 toto
663 3535 800 3598 conixus
816 3556 955 3617 corpore
970 3535 1095 3598 ferrum

317 3638 455 3702 Conicit.
505 3640 613 3701 Hasta
629 3640 744 3702 volans
761 3641 866 3702 noctis
883 3639 1069 3702 diverberat
1085 3639 1228 3715 umbras,

320 3743 361 3802 Et
378 3742 469 3802 venit
485 3741 591 3803 aversi
608 3743 640 3803 in
657 3751 787 3822 tergum
806 3742 982 3816 Sulmonis,
1000 3742 1110 3824 ibique

319 3843 506 3923 Frangitur,
523 3864 562 3905 ac
579 3845 655 3907 fisso
671 3846 788 3907 transit
806 3846 997 3926 praecordia
1014 3846 1113 3927 ligno.
