2822 4294
498 337 613 390 Linea
640 337 846 390 SECUNDUS
1182 343 1220 410 73

203 517 377 600 Aspiciet?
402 525 568 599 parteque
584 516 643 579 ibit
659 523 775 597 regina
790 516 969 597 triumphs),

203 623 483 704 Coniugiumque,
502 621 712 702 domumque,
732 628 852 702 patres,
870 627 1032 702 uatesque
1048 618 1180 695 videbit,

206 712 347 790 iliadum
365 727 464 789 turba
481 735 515 789 et
533 725 686 809 Phrygiis
702 726 859 788 comitata
876 724 1055 787 ministris?

104 828 117 844 ’
205 831 373 896 Occiderit
390 831 482 894 ferrc')
500 829 670 892 Priamus?
715 830 815 891 Trc'iia
831 829 949 892 arserit
963 829 1055 910 igni?

207 936 414 998 Dardanium
434 935 556 997 totiens
573 934 698 996 sudarit
714 933 878 1015 sanguine
895 933 991 996 litus?

206 1042 281 1102 an
298 1040 363 1102 ita!
412 1040 568 1120 Namque
584 1047 648 1101 etsi
662 1038 790 1100 nullutn
808 1038 1022 1128 memorabile
1038 1047 1158 1102 ndmen

206 1145 366 1207 Feminea
382 1144 416 1206 in
434 1150 543 1224 poena
560 1152 611 1205 est
627 1163 689 1205 nec
706 1143 807 1206 habet
823 1143 960 1206 victeria
975 1143 1117 1218 laudern,

206 1248 413 1311 Exstinxisse
431 1248 528 1310 nefas
545 1257 658 1310 tamen
674 1257 709 1309 et
725 1249 908 1329 sumpsisse
924 1255 1090 1310 merentes

207 1353 387 1415 Laudibor
404 1359 539 1434 poenas,
560 1351 773 1433 animumque
790 1353 941 1433 explesse
958 1351 1083 1414 iuvabit

206 1457 345 1521 Ultricis
361 1457 526 1530 flammae,
545 1464 578 1518 et
594 1455 723 1518 cineres
740 1457 879 1519 satiasse
896 1457 1075 1519 merirum.'’

249 1561 346 1623 Talia
362 1560 536 1633 iactabam‚
554 1569 588 1622 et
604 1559 726 1622 furiati
744 1570 854 1624 mente
870 1561 1011 1635 ferebar,

207 1666 291 1730 Cum
309 1664 389 1726 mihi
407 1672 452 1738 se,
470 1672 536 1726 ndn
553 1674 631 1726 ante
648 1666 751 1728 oculis
767 1675 835 1727 tarn
853 1666 950 1741 clera,
967 1665 1144 1728 videndam

207 1769 338 1833 Obtulit
355 1778 388 1831 et
406 1775 488 1850 pura
506 1789 565 1849 per
581 1778 712 1831 noctem
729 1769 761 1830 in
779 1769 852 1832 luce
869 1769 1000 1832 refulsit

207 1874 309 1935 Alma
327 1880 458 1954 parens,
476 1873 632 1935 cenfessa
648 1873 754 1948 deam,
773 1873 945 1955 qualisque
961 1873 1065 1936 videri

207 1977 384 2040 Caelicolis
400 1987 433 2039 et
449 1986 574 2057 quanta
590 1977 682 2052 solet,
700 1976 881 2059 dextraque
898 1978 1099 2059 prehensum

207 2082 390 2156 continuit,
408 2089 569 2163 rosedque
587 2081 670 2144 haec
685 2091 822 2163 insuper
838 2082 964 2144 addidit
979 2091 1055 2144 dre:

252 2192 270 2218 ‘¹
283 2187 380 2258 Nate,
399 2185 473 2266 quis
489 2185 666 2248 indomitas
683 2196 796 2248 tantus
813 2187 906 2249 dolor
921 2185 1042 2250 excitat
1057 2186 1144 2249 iras?

207 2291 298 2373 Quid
315 2289 422 2352 furis?
447 2300 503 2352 aut
519 2298 663 2371 qudnam
681 2299 784 2353 nostri
799 2290 859 2354 tibi
875 2299 954 2354 cura
970 2291 1129 2355 recessit?

208 2397 285 2458 Nun
304 2395 396 2477 prius
413 2393 563 2475 aspicies,
582 2394 638 2455 ubi
654 2395 780 2456 fessum
798 2403 908 2458 aetate
924 2405 1096 2477 parentem

208 2500 362 2581 Liqueris
380 2497 577 2561 Anchisen?
601 2508 736 2578 superet
752 2499 939 2561 coniunxne
957 2499 1092 2574 Greisa,

207 2603 444 2683 Ascaniusque
461 2602 566 2683 puer?
590 2610 674 2682 qu6s
691 2610 806 2664 omnes
824 2603 971 2685 undique
988 2604 1107 2667 Graiiae

207 2710 341 2772 Circum
358 2715 471 2769 errant
488 2705 584 2781 acies,
603 2715 645 2781 et,
665 2715 699 2768 ni
715 2726 788 2768 mea
805 2715 884 2770 cura
901 2709 1042 2783 resistat,

209 2813 281 2874 Iarn
299 2811 453 2873 flammae
469 2810 605 2873 tulerint
620 2810 773 2872 inimicus
790 2820 824 2873 et
839 2811 986 2875 hauserit
1002 2813 1099 2875 ensis

209 2917 287 2978 Nr'in
305 2915 364 2977 tibi
380 2914 582 2998 Tyndaridis
598 2915 702 2977 facies
719 2915 826 2978 invisa
845 2917 1020 2979 Lacaenae

208 3021 414 3100 Ctrlpe‘rtusve
432 3019 541 3095 Paris;
567 3019 678 3082 divum
696 3019 917 3096 inclementia,
935 3022 1056 3096 divum,

209 3125 284 3186 Has
301 3123 418 3186 evertit
434 3130 514 3204 opes
531 3124 715 3206 sternitque
732 3131 751 3186 a
768 3125 911 3188 culmine
927 3125 1070 3187 Triuiam.

253 3233 272 3259 ‘⁶
281 3227 607 3310 Aspice-namque
619 3248 761 3305 omnem,
775 3250 860 3311 quae
871 3250 959 3292 nunc
968 3229 1111 3292 obducta
1119 3239 1225 3291 tuenti

210 3332 371 3394 Mortales
389 3330 524 3394 hebetat
540 3340 631 3394 vistis
647 3333 706 3394 tibi
723 3342 755 3396 et
773 3334 885 3396 umida
901 3334 1024 3396 circum

208 3436 348 3516 Caligat
366 3435 488 3498 nubem
507 3437 664 3518 eripiam
688 3445 724 3500 tu
742 3445 783 3500 ne
800 3458 865 3520 qua
881 3438 1028 3520 parentis

210 3541 306 3604 Iussa
322 3540 411 3616 time,
429 3561 494 3603 neu
512 3551 698 3622 praeceptis
715 3550 831 3624 parere
848 3550 1017 3605 recusit-

209 3645 276 3709 Hic
293 3645 349 3708 ubi
366 3645 520 3708 disiectas
537 3646 641 3708 meles
657 3647 838 3729 {avulsaque
856 3657 942 3710 saxis

207 3751 296 3816 Saxa
312 3749 407 3811 vides
424 3750 591 3832 mixtfique
608 3751 790 3813 undantem
809 3753 945 3832 pulvere
963 3753 1102 3827 furnum,

122 3870 164 3920 610
207 3857 393 3938 Neptunus
410 3861 521 3916 mustis
539 3861 728 3935 magndque
745 3862 854 3916 ernc‘ita
874 3855 1008 3915 tridenti
