2800 4286
459 375 461 380 Ι
479 307 594 362 LIBER
620 305 813 360 SEPTIMUS
1141 305 1199 383 183

215 489 316 555 Multi
331 487 429 552 illam
446 504 571 566 magno
587 504 605 548 e
623 485 720 548 Latio
735 491 871 565 totaque
887 483 1048 567 petebant

89 614 121 671 55
177 594 335 658 Ausonia.
388 591 478 654 Petit
494 598 572 652 ante
587 588 668 652 alios
685 587 926 669 pulcherrimus
943 609 1059 654 omnes

175 699 317 774 TurnuS,
337 697 412 758 avis
430 693 603 775 atavisque
619 702 749 774 potens,
767 712 865 774 quem
882 694 974 776 regia
990 697 1133 762 coniunx

176 803 327 884 Adiungi
345 818 511 883 generum
527 799 609 860 miro
627 796 827 880 properabat
844 817 975 878 amore;

179 909 242 974 Sed
257 907 363 971 variis
380 913 538 988 portenta
552 904 650 968 deum
667 903 847 967 terroribus
863 904 1005 970 obstant.

180 1013 309 1076 Laurus
326 1019 402 1074 erat
418 1010 498 1073 tecti
514 1008 622 1072 medio
638 1007 672 1071 in
689 1009 914 1090 penetralibus
930 1009 1013 1074 altis.

93 1128 127 1180 60
179 1116 279 1181 Sacra
298 1134 444 1190 comam,
462 1114 650 1195 multosque
665 1122 756 1176 metu
773 1122 903 1176 servata
919 1133 979 1196 per
995 1134 1110 1192 annos,

181 1220 289 1303 Quam
306 1228 406 1302 pater
421 1219 600 1293 inventam,
619 1218 742 1298 primas
758 1237 834 1279 cum
851 1217 1009 1282 conderet
1025 1239 1128 1297 arces,

182 1324 258 1406 Ipse
274 1323 450 1387 ferebatur
468 1322 600 1386 Phoebo
617 1341 768 1385 sacrasse
786 1322 936 1397 Latinus,

182 1428 436 1509 Laurentesque
452 1426 494 1490 ab
509 1446 550 1490 ea
565 1445 687 1489 nomen
704 1425 854 1507 posuisse
870 1425 1005 1490 colonis.

182 1531 292 1595 Huius
308 1550 393 1613 apes
410 1550 575 1594 summum
592 1525 927 1593 densae—mirabile
943 1530 1087 1594 dictu-

99 1640 130 1708 65
182 1635 330 1700 Stridore
345 1634 475 1716 ingenti
491 1633 651 1716 liquidum
666 1643 760 1697 trans
776 1634 912 1696 aethera
927 1644 1051 1712 vectae,

182 1739 355 1804 Obsedere
372 1739 511 1820 apicem,
525 1747 568 1812 et,
587 1736 726 1819 pedibus
743 1757 802 1819 per
818 1747 933 1800 mutua
948 1740 1051 1816 nexis,

182 1844 332 1907 Examen
349 1841 495 1906 subitum
512 1861 606 1904 ramo
621 1841 798 1904 frondente
814 1841 983 1924 pependit.

182 1947 348 2012 Continuo
364 1955 469 2021 vates,
488 1945 701 2008 “Externum
717 1945 883 2008 cernimus
895 1945 912 1970 ”
929 1945 1036 2028 inquit

183 2051 408 2115 “Adventare
422 2048 538 2124 virum,
555 2057 589 2112 et
604 2057 716 2131 partes
731 2048 845 2131 petere
861 2068 980 2130 agmen
998 2051 1133 2115 easdem

99 2172 130 2223 70
182 2150 333 2214 Partibus
349 2169 391 2212 ex
406 2148 521 2224 isdem,
539 2158 572 2212 et
589 2169 718 2213 summa
734 2150 933 2216 dominarier
949 2151 1056 2215 arce.”

222 2255 409 2328 Praeterea,
425 2253 526 2316 castis
542 2252 653 2316 adolet
668 2253 747 2316 dum
763 2254 880 2318 altaria
897 2254 1013 2331 taedis,

180 2354 226 2419 Ut
241 2354 334 2418 iuxta
351 2356 538 2436 genitorem
555 2354 665 2418 adstat
683 2353 824 2418 Lavinia
838 2356 942 2437 virgo,

178 2459 267 2535 Visa,
285 2459 395 2535 nefas,
413 2458 522 2540 longis
537 2459 777 2541 comprendere
794 2458 939 2524 crinibus
955 2461 1077 2542 ignem,

177 2564 292 2646 Atque
309 2582 444 2626 omnem
460 2571 613 2626 ornatum
629 2562 764 2626 flamma
780 2564 963 2645 crepitante
979 2564 1129 2644 cremari,

101 2683 127 2736 75
179 2667 394 2750 Regalesque
410 2685 550 2730 accensa
565 2686 688 2742 comas,
705 2685 845 2730 accensa
861 2688 1027 2746 coronam,

180 2771 352 2853 Insignem
369 2771 528 2852 gemmis;
551 2765 624 2833 tum
640 2771 768 2833 fumida
777 2771 909 2835 lumine
925 2774 1018 2837 fulvo

180 2875 319 2951 Involvi,
336 2895 376 2938 ac
391 2876 469 2938 totis
485 2874 674 2938 Vulcanum
691 2894 849 2957 spargere
865 2878 970 2940 tectis.

180 2981 219 3043 Id
235 3000 315 3046 vero
331 2978 532 3043 horrendum
550 2999 588 3042 ac
603 2979 676 3042 visu
693 2978 842 3042 mirabile
858 2979 956 3057 ferri;

165 3084 335 3167 -Namque
352 3083 424 3146 fore
440 3083 614 3147 inlustrem
631 3083 722 3146 fama
739 3083 883 3167 latisque
900 3085 1066 3150 canebant

99 3197 127 3247 80
179 3187 303 3269 Ipsam,
321 3187 380 3251 sed
400 3187 523 3269 populo
540 3206 698 3268 magnum
715 3188 914 3268 portendere
930 3189 1062 3252 bellum.

224 3289 272 3353 At
287 3310 346 3354 rex
362 3291 522 3355 sollicitus
538 3290 703 3366 monstris,
721 3292 854 3354 oracula
872 3293 988 3369 Fauni,

181 3393 322 3458 Fatidici
338 3394 507 3477 genitoris,
526 3395 603 3471 adit,
622 3395 781 3478 lucosque
797 3395 858 3458 sub
875 3396 943 3459 alta

180 3498 333 3563 Consulit
348 3498 515 3575 Albunea,
532 3519 705 3563 nemorum
722 3520 808 3582 quae
824 3502 969 3564 maxima
985 3522 1078 3568 sacro

182 3604 290 3667 Fonte
305 3613 411 3679 sonat,
429 3623 629 3686 saevamque
645 3603 777 3667 exhalat
792 3613 898 3686 opaca
914 3607 1095 3688 mephitim.

101 3710 128 3778 85
183 3707 273 3770 Hinc
291 3707 396 3771 Italae
413 3717 532 3789 gentes
548 3709 721 3790 omnisque
738 3708 899 3773 Oenotria
915 3711 1023 3774 tellus.

181 3810 220 3873 In
237 3810 346 3874 dubiis
362 3830 522 3894 responsa
538 3819 675 3893 petunt;
699 3810 765 3874 huc
781 3811 869 3874 dona
885 3813 1040 3877 sacerdos
