<?xml version="1.0" encoding="UTF-8"?>
<!DOCTYPE html PUBLIC "-//W3C//DTD XHTML 1.0 Transitional//EN"
    "http://www.w3.org/TR/xhtml1/DTD/xhtml1-transitional.dtd">
<html xmlns="http://www.w3.org/1999/xhtml" xml:lang="en" lang="en">
 <head>
  <title>
</title>
<meta http-equiv="Content-Type" content="text/html;charset=utf-8" />
  <meta name='ocr-system' content='tesseract 3.04.00' />
  <meta name='ocr-capabilities' content='ocr_page ocr_carea ocr_par ocr_line ocrx_word'/>
</head>
<body>
  <div class='ocr_page' id='page_1' title='image "./virgilsaeneidbo00denngoog_0336.png"; bbox 0 0 2816 4282; ppageno 0'>
   <div class='ocr_carea' id='block_1_1' title="bbox 350 281 860 362">
    <p class='ocr_par' dir='ltr' id='par_1_1' title="bbox 350 281 860 362">
     <span class='ocr_line' id='line_1_1' title="bbox 350 281 860 362; baseline -0.002 -6"><span class='ocrx_word' id='word_1_1' title='bbox 350 281 354 289; x_wconf 87' lang='grc'><strong>’</strong></span> <span class='ocrx_word' id='word_1_2' title='bbox 461 303 577 362; x_wconf 73' lang='lat' dir='ltr'>niara</span> <span class='ocrx_word' id='word_1_3' title='bbox 604 301 860 355; x_wconf 78' lang='lat' dir='ltr'>ouooncnrus</span> 
     </span>
    </p>
   </div>
   <div class='ocr_carea' id='block_1_2' title="bbox 101 482 1217 3691">
    <p class='ocr_par' dir='ltr' id='par_1_2' title="bbox 101 482 1217 3691">
     <span class='ocr_line' id='line_1_2' title="bbox 101 482 919 562; baseline 0.002 -19"><span class='ocrx_word' id='word_1_4' title='bbox 101 507 142 544; x_wconf 73' lang='grc' dir='ltr'>ιω</span> <span class='ocrx_word' id='word_1_5' title='bbox 179 485 299 548; x_wconf 90' lang='lat' dir='ltr'>Velati</span> <span class='ocrx_word' id='word_1_6' title='bbox 315 485 410 559; x_wconf 92' lang='lat' dir='ltr'>lim0,</span> <span class='ocrx_word' id='word_1_7' title='bbox 430 493 465 546; x_wconf 91' lang='lat' dir='ltr'>et</span> <span class='ocrx_word' id='word_1_8' title='bbox 481 482 627 546; x_wconf 88' lang='lat' dir='ltr'>verbena</span> <span class='ocrx_word' id='word_1_9' title='bbox 641 491 793 562; x_wconf 87' lang='lat' dir='ltr'>tempora</span> <span class='ocrx_word' id='word_1_10' title='bbox 809 482 919 545; x_wconf 89' lang='lat' dir='ltr'>vincti.</span> 
     </span>
     <span class='ocr_line' id='line_1_3' title="bbox 181 573 1011 669; baseline -0.005 -17"><span class='ocrx_word' id='word_1_11' title='bbox 181 590 345 652; x_wconf 84' lang='lat' dir='ltr'>Procedit</span> <span class='ocrx_word' id='word_1_12' title='bbox 362 588 453 669; x_wconf 86' lang='lat' dir='ltr'>legio</span> <span class='ocrx_word' id='word_1_13' title='bbox 469 585 693 661; x_wconf 87' lang='lat' dir='ltr'>Ausonidum,</span> <span class='ocrx_word' id='word_1_14' title='bbox 712 586 881 668; x_wconf 85' lang='lat' dir='ltr'>pilataque</span> <span class='ocrx_word' id='word_1_15' title='bbox 897 573 1011 666; x_wconf 85' lang='lat' dir='ltr'>plenis</span> 
     </span>
     <span class='ocr_line' id='line_1_4' title="bbox 179 690 1091 775; baseline -0.005 -18"><span class='ocrx_word' id='word_1_16' title='bbox 179 695 341 775; x_wconf 87' lang='lat' dir='ltr'>Agmina</span> <span class='ocrx_word' id='word_1_17' title='bbox 359 711 396 756; x_wconf 94' lang='lat' dir='ltr'>se</span> <span class='ocrx_word' id='word_1_18' title='bbox 414 692 563 754; x_wconf 79' lang='lat' dir='ltr'>fundunt</span> <span class='ocrx_word' id='word_1_19' title='bbox 578 691 692 772; x_wconf 90' lang='lat' dir='ltr'>portis.</span> <span class='ocrx_word' id='word_1_20' title='bbox 740 690 831 752; x_wconf 88' lang='lat' dir='ltr'>Hinc</span> <span class='ocrx_word' id='word_1_21' title='bbox 848 691 968 753; x_wconf 85' lang='lat' dir='ltr'>Trorus</span> <span class='ocrx_word' id='word_1_22' title='bbox 984 691 1091 753; x_wconf 87' lang='lat' dir='ltr'>omnis</span> 
     </span>
     <span class='ocr_line' id='line_1_5' title="bbox 180 793 958 883; baseline -0.006 -22"><span class='ocrx_word' id='word_1_23' title='bbox 180 799 460 883; x_wconf 90' lang='lat' dir='ltr'>Tyrrhenusque</span> <span class='ocrx_word' id='word_1_24' title='bbox 476 797 542 858; x_wconf 88' lang='lat' dir='ltr'>ruit</span> <span class='ocrx_word' id='word_1_25' title='bbox 556 795 654 858; x_wconf 91' lang='lat' dir='ltr'>variis</span> <span class='ocrx_word' id='word_1_26' title='bbox 669 794 833 858; x_wconf 88' lang='lat' dir='ltr'>exercitus</span> <span class='ocrx_word' id='word_1_27' title='bbox 849 793 958 871; x_wconf 90' lang='lat' dir='ltr'>armis,</span> 
     </span>
     <span class='ocr_line' id='line_1_6' title="bbox 183 899 1132 981; baseline -0.007 -14"><span class='ocrx_word' id='word_1_28' title='bbox 183 903 296 966; x_wconf 82' lang='lat' dir='ltr'>Haud</span> <span class='ocrx_word' id='word_1_29' title='bbox 314 921 414 966; x_wconf 91' lang='lat' dir='ltr'>secus</span> <span class='ocrx_word' id='word_1_30' title='bbox 430 901 584 964; x_wconf 84' lang='lat' dir='ltr'>instructi</span> <span class='ocrx_word' id='word_1_31' title='bbox 599 899 697 975; x_wconf 82' lang='lat' dir='ltr'>ferro,</span> <span class='ocrx_word' id='word_1_32' title='bbox 716 919 815 981; x_wconf 90' lang='lat' dir='ltr'>quam</span> <span class='ocrx_word' id='word_1_33' title='bbox 832 899 860 962; x_wconf 92' lang='lat' dir='ltr'>si</span> <span class='ocrx_word' id='word_1_34' title='bbox 876 917 995 981; x_wconf 91' lang='lat' dir='ltr'>aspera</span> <span class='ocrx_word' id='word_1_35' title='bbox 1014 899 1132 961; x_wconf 90' lang='lat' dir='ltr'>Martis</span> 
     </span>
     <span class='ocr_line' id='line_1_7' title="bbox 101 986 1056 1089; baseline 0.001 -25"><span class='ocrx_word' id='word_1_36' title='bbox 101 1029 142 1081; x_wconf 83' lang='lat'>125</span> <span class='ocrx_word' id='word_1_37' title='bbox 184 1008 312 1089; x_wconf 85' lang='lat' dir='ltr'>Pugna</span> <span class='ocrx_word' id='word_1_38' title='bbox 327 1014 437 1069; x_wconf 85' lang='lat' dir='ltr'>vocet.</span> <span class='ocrx_word' id='word_1_39' title='bbox 487 986 559 1067; x_wconf 86' lang='lat' dir='ltr'>Nec</span> <span class='ocrx_word' id='word_1_40' title='bbox 576 1024 643 1067; x_wconf 91' lang='lat' dir='ltr'>non</span> <span class='ocrx_word' id='word_1_41' title='bbox 659 1003 827 1066; x_wconf 89' lang='lat' dir='ltr'>mediisin</span> <span class='ocrx_word' id='word_1_42' title='bbox 844 1003 976 1066; x_wconf 91' lang='lat' dir='ltr'>milibus</span> <span class='ocrx_word' id='word_1_43' title='bbox 993 1003 1056 1084; x_wconf 92' lang='lat' dir='ltr'>ipsi</span> 
     </span>
     <span class='ocr_line' id='line_1_8' title="bbox 186 1108 950 1190; baseline -0.005 -16"><span class='ocrx_word' id='word_1_44' title='bbox 186 1113 363 1176; x_wconf 88' lang='lat' dir='ltr'>Ductores</span> <span class='ocrx_word' id='word_1_45' title='bbox 379 1129 462 1172; x_wconf 90' lang='lat' dir='ltr'>auro</span> <span class='ocrx_word' id='word_1_46' title='bbox 478 1108 618 1172; x_wconf 89' lang='lat' dir='ltr'>volitant</span> <span class='ocrx_word' id='word_1_47' title='bbox 634 1118 790 1190; x_wconf 91' lang='lat' dir='ltr'>ostroque</span> <span class='ocrx_word' id='word_1_48' title='bbox 807 1108 950 1190; x_wconf 87' lang='lat' dir='ltr'>superbi,</span> 
     </span>
     <span class='ocr_line' id='line_1_9' title="bbox 187 1212 1069 1298; baseline -0.005 -20"><span class='ocrx_word' id='word_1_49' title='bbox 187 1216 235 1279; x_wconf 91' lang='lat' dir='ltr'>Et</span> <span class='ocrx_word' id='word_1_50' title='bbox 253 1235 365 1298; x_wconf 90' lang='lat' dir='ltr'>genus</span> <span class='ocrx_word' id='word_1_51' title='bbox 382 1213 543 1278; x_wconf 85' lang='lat' dir='ltr'>Assaraci</span> <span class='ocrx_word' id='word_1_52' title='bbox 561 1213 768 1288; x_wconf 86' lang='lat' dir='ltr'>Mnestheus,</span> <span class='ocrx_word' id='word_1_53' title='bbox 786 1222 819 1276; x_wconf 91' lang='lat' dir='ltr'>et</span> <span class='ocrx_word' id='word_1_54' title='bbox 835 1213 931 1275; x_wconf 79' lang='lat' dir='ltr'>fortis</span> <span class='ocrx_word' id='word_1_55' title='bbox 947 1212 1069 1287; x_wconf 88' lang='lat' dir='ltr'>Asilas,</span> 
     </span>
     <span class='ocr_line' id='line_1_10' title="bbox 189 1316 1072 1400; baseline -0.006 -17"><span class='ocrx_word' id='word_1_56' title='bbox 189 1320 236 1383; x_wconf 91' lang='lat' dir='ltr'>Et</span> <span class='ocrx_word' id='word_1_57' title='bbox 256 1321 441 1400; x_wconf 87' lang='lat' dir='ltr'>Messapus</span> <span class='ocrx_word' id='word_1_58' title='bbox 457 1337 578 1399; x_wconf 91' lang='lat' dir='ltr'>equum</span> <span class='ocrx_word' id='word_1_59' title='bbox 595 1316 746 1394; x_wconf 90' lang='lat' dir='ltr'>domitor,</span> <span class='ocrx_word' id='word_1_60' title='bbox 766 1317 937 1398; x_wconf 82' lang='lat' dir='ltr'>Neptunia</span> <span class='ocrx_word' id='word_1_61' title='bbox 953 1317 1072 1398; x_wconf 91' lang='lat' dir='ltr'>proles.</span> 
     </span>
     <span class='ocr_line' id='line_1_11' title="bbox 190 1420 1093 1506; baseline -0.008 -17"><span class='ocrx_word' id='word_1_62' title='bbox 190 1425 311 1506; x_wconf 89' lang='lat' dir='ltr'>thue</span> <span class='ocrx_word' id='word_1_63' title='bbox 328 1424 410 1486; x_wconf 88' lang='lat' dir='ltr'>dato</span> <span class='ocrx_word' id='word_1_64' title='bbox 426 1423 525 1502; x_wconf 82' lang='lat' dir='ltr'>signo</span> <span class='ocrx_word' id='word_1_65' title='bbox 541 1421 649 1503; x_wconf 90' lang='lat' dir='ltr'>spatia</span> <span class='ocrx_word' id='word_1_66' title='bbox 665 1420 699 1483; x_wconf 92' lang='lat' dir='ltr'>in</span> <span class='ocrx_word' id='word_1_67' title='bbox 715 1441 776 1483; x_wconf 90' lang='lat' dir='ltr'>sua</span> <span class='ocrx_word' id='word_1_68' title='bbox 791 1420 932 1503; x_wconf 88' lang='lat' dir='ltr'>quisque</span> <span class='ocrx_word' id='word_1_69' title='bbox 948 1420 1093 1495; x_wconf 88' lang='lat' dir='ltr'>recessit,</span> 
     </span>
     <span class='ocr_line' id='line_1_12' title="bbox 107 1525 971 1610; baseline 0.002 -25"><span class='ocrx_word' id='word_1_70' title='bbox 107 1549 150 1600; x_wconf 84' lang='lat'>130</span> <span class='ocrx_word' id='word_1_71' title='bbox 192 1530 360 1610; x_wconf 87' lang='lat' dir='ltr'>Defigunt</span> <span class='ocrx_word' id='word_1_72' title='bbox 376 1526 497 1589; x_wconf 89' lang='lat' dir='ltr'>tellure</span> <span class='ocrx_word' id='word_1_73' title='bbox 513 1525 626 1588; x_wconf 86' lang='lat' dir='ltr'>hastas</span> <span class='ocrx_word' id='word_1_74' title='bbox 641 1535 675 1587; x_wconf 91' lang='lat' dir='ltr'>et</span> <span class='ocrx_word' id='word_1_75' title='bbox 691 1535 784 1588; x_wconf 87' lang='lat' dir='ltr'>scuta</span> <span class='ocrx_word' id='word_1_76' title='bbox 802 1527 971 1589; x_wconf 90' lang='lat' dir='ltr'>reclinant.</span> 
     </span>
     <span class='ocr_line' id='line_1_13' title="bbox 191 1629 1058 1710; baseline -0.006 -14"><span class='ocrx_word' id='word_1_77' title='bbox 191 1634 282 1696; x_wconf 92' lang='lat' dir='ltr'>Turn</span> <span class='ocrx_word' id='word_1_78' title='bbox 300 1631 412 1695; x_wconf 91' lang='lat' dir='ltr'>studio</span> <span class='ocrx_word' id='word_1_79' title='bbox 428 1629 558 1693; x_wconf 86' lang='lat' dir='ltr'>effusae</span> <span class='ocrx_word' id='word_1_80' title='bbox 574 1637 696 1692; x_wconf 88' lang='lat' dir='ltr'>matres</span> <span class='ocrx_word' id='word_1_81' title='bbox 712 1638 746 1692; x_wconf 92' lang='lat' dir='ltr'>et</span> <span class='ocrx_word' id='word_1_82' title='bbox 762 1630 881 1710; x_wconf 83' lang='lat' dir='ltr'>vulgus</span> <span class='ocrx_word' id='word_1_83' title='bbox 896 1632 1058 1692; x_wconf 90' lang='lat' dir='ltr'>inermum</span> 
     </span>
     <span class='ocr_line' id='line_1_14' title="bbox 194 1734 989 1816; baseline -0.005 -16"><span class='ocrx_word' id='word_1_84' title='bbox 194 1736 409 1816; x_wconf 86' lang='lat' dir='ltr'>Invalidique</span> <span class='ocrx_word' id='word_1_85' title='bbox 427 1753 524 1796; x_wconf 89' lang='lat' dir='ltr'>senes</span> <span class='ocrx_word' id='word_1_86' title='bbox 541 1743 648 1796; x_wconf 89' lang='lat' dir='ltr'>turres</span> <span class='ocrx_word' id='word_1_87' title='bbox 663 1743 697 1796; x_wconf 88' lang='lat' dir='ltr'>et</span> <span class='ocrx_word' id='word_1_88' title='bbox 712 1743 800 1796; x_wconf 83' lang='lat' dir='ltr'>tecta</span> <span class='ocrx_word' id='word_1_89' title='bbox 816 1734 989 1797; x_wconf 92' lang='lat' dir='ltr'>domorum</span> 
     </span>
     <span class='ocr_line' id='line_1_15' title="bbox 195 1837 944 1920; baseline -0.008 -14"><span class='ocrx_word' id='word_1_90' title='bbox 195 1841 382 1914; x_wconf 90' lang='lat' dir='ltr'>Obsedere,</span> <span class='ocrx_word' id='word_1_91' title='bbox 400 1838 456 1900; x_wconf 89' lang='lat' dir='ltr'>alii</span> <span class='ocrx_word' id='word_1_92' title='bbox 472 1838 576 1920; x_wconf 89' lang='lat' dir='ltr'>portis</span> <span class='ocrx_word' id='word_1_93' title='bbox 592 1837 786 1902; x_wconf 89' lang='lat' dir='ltr'>sublimibus</span> <span class='ocrx_word' id='word_1_94' title='bbox 801 1838 944 1901; x_wconf 88' lang='lat' dir='ltr'>adstant.</span> 
     </span>
     <span class='ocr_line' id='line_1_16' title="bbox 241 1941 1157 2025; baseline -0.005 -17"><span class='ocrx_word' id='word_1_95' title='bbox 241 1946 288 2008; x_wconf 88' lang='lat' dir='ltr'>At</span> <span class='ocrx_word' id='word_1_96' title='bbox 308 1945 395 2008; x_wconf 91' lang='lat' dir='ltr'>luno</span> <span class='ocrx_word' id='word_1_97' title='bbox 411 1963 430 2006; x_wconf 92' lang='lat' dir='ltr'>e</span> <span class='ocrx_word' id='word_1_98' title='bbox 447 1961 585 2018; x_wconf 90' lang='lat' dir='ltr'>summo,</span> <span class='ocrx_word' id='word_1_99' title='bbox 603 1941 660 2025; x_wconf 91' lang='lat' dir='ltr'>qui</span> <span class='ocrx_word' id='word_1_100' title='bbox 675 1962 765 2005; x_wconf 91' lang='lat' dir='ltr'>nunc</span> <span class='ocrx_word' id='word_1_101' title='bbox 782 1941 935 2006; x_wconf 89' lang='lat' dir='ltr'>Albanus</span> <span class='ocrx_word' id='word_1_102' title='bbox 952 1942 1101 2016; x_wconf 85' lang='lat' dir='ltr'>habetur,</span> <span class='ocrx_word' id='word_1_103' title='bbox 1112 1977 1157 1990; x_wconf 91' lang='lat'><em>-</em></span> 
     </span>
     <span class='ocr_line' id='line_1_17' title="bbox 115 2045 1217 2130; baseline -0.006 -17"><span class='ocrx_word' id='word_1_104' title='bbox 115 2069 156 2123; x_wconf 82' lang='lat'>¹35</span> <span class='ocrx_word' id='word_1_105' title='bbox 198 2050 285 2112; x_wconf 92' lang='lat' dir='ltr'>Tum</span> <span class='ocrx_word' id='word_1_106' title='bbox 303 2067 414 2130; x_wconf 92' lang='lat' dir='ltr'>neque</span> <span class='ocrx_word' id='word_1_107' title='bbox 430 2065 551 2110; x_wconf 88' lang='lat' dir='ltr'>nornen</span> <span class='ocrx_word' id='word_1_108' title='bbox 569 2057 639 2109; x_wconf 89' lang='lat' dir='ltr'>erat</span> <span class='ocrx_word' id='word_1_109' title='bbox 655 2066 718 2110; x_wconf 88' lang='lat' dir='ltr'>nec</span> <span class='ocrx_word' id='word_1_110' title='bbox 734 2047 840 2110; x_wconf 92' lang='lat' dir='ltr'>honos</span> <span class='ocrx_word' id='word_1_111' title='bbox 858 2055 916 2108; x_wconf 91' lang='lat' dir='ltr'>aut</span> <span class='ocrx_word' id='word_1_112' title='bbox 935 2046 1039 2127; x_wconf 88' lang='lat' dir='ltr'>gloria</span> <span class='ocrx_word' id='word_1_113' title='bbox 1059 2045 1162 2107; x_wconf 92' lang='lat' dir='ltr'>monti</span> <span class='ocrx_word' id='word_1_114' title='bbox 1174 2080 1217 2090; x_wconf 91' lang='lat'>—</span> 
     </span>
     <span class='ocr_line' id='line_1_18' title="bbox 199 2149 1118 2234; baseline -0.005 -17"><span class='ocrx_word' id='word_1_115' title='bbox 199 2152 410 2234; x_wconf 89' lang='lat' dir='ltr'>Prospiciens</span> <span class='ocrx_word' id='word_1_116' title='bbox 427 2151 553 2214; x_wconf 91' lang='lat' dir='ltr'>tumulo</span> <span class='ocrx_word' id='word_1_117' title='bbox 570 2171 725 2233; x_wconf 91' lang='lat' dir='ltr'>campum</span> <span class='ocrx_word' id='word_1_118' title='bbox 743 2149 937 2233; x_wconf 83' lang='lat' dir='ltr'>aspectabat</span> <span class='ocrx_word' id='word_1_119' title='bbox 953 2159 987 2213; x_wconf 91' lang='lat' dir='ltr'>et</span> <span class='ocrx_word' id='word_1_120' title='bbox 1002 2149 1118 2212; x_wconf 91' lang='lat' dir='ltr'>ambas</span> 
     </span>
     <span class='ocr_line' id='line_1_19' title="bbox 201 2254 1055 2338; baseline -0.005 -18"><span class='ocrx_word' id='word_1_121' title='bbox 201 2259 408 2320; x_wconf 89' lang='lat' dir='ltr'>Laurentum</span> <span class='ocrx_word' id='word_1_122' title='bbox 425 2256 615 2338; x_wconf 85' lang='lat' dir='ltr'>Troumque</span> <span class='ocrx_word' id='word_1_123' title='bbox 632 2256 720 2319; x_wconf 88' lang='lat' dir='ltr'>acies</span> <span class='ocrx_word' id='word_1_124' title='bbox 736 2255 918 2338; x_wconf 89' lang='lat' dir='ltr'>urbemque</span> <span class='ocrx_word' id='word_1_125' title='bbox 936 2254 1055 2317; x_wconf 90' lang='lat' dir='ltr'>Latini.</span> 
     </span>
     <span class='ocr_line' id='line_1_20' title="bbox 202 2359 937 2442; baseline -0.007 -17"><span class='ocrx_word' id='word_1_126' title='bbox 202 2361 381 2442; x_wconf 86' lang='lat' dir='ltr'>Extemplo</span> <span class='ocrx_word' id='word_1_127' title='bbox 397 2359 503 2422; x_wconf 89' lang='lat' dir='ltr'>Turni</span> <span class='ocrx_word' id='word_1_128' title='bbox 519 2359 565 2422; x_wconf 91' lang='lat' dir='ltr'>sic</span> <span class='ocrx_word' id='word_1_129' title='bbox 581 2369 634 2424; x_wconf 90' lang='lat' dir='ltr'>est</span> <span class='ocrx_word' id='word_1_130' title='bbox 649 2360 764 2423; x_wconf 86' lang='lat' dir='ltr'>adfata</span> <span class='ocrx_word' id='word_1_131' title='bbox 780 2377 937 2435; x_wconf 89' lang='lat' dir='ltr'>sororem,</span> 
     </span>
     <span class='ocr_line' id='line_1_21' title="bbox 202 2463 1078 2546; baseline -0.002 -18"><span class='ocrx_word' id='word_1_132' title='bbox 202 2466 287 2528; x_wconf 93' lang='lat' dir='ltr'>Diva</span> <span class='ocrx_word' id='word_1_133' title='bbox 305 2464 414 2538; x_wconf 88' lang='lat' dir='ltr'>deam,</span> <span class='ocrx_word' id='word_1_134' title='bbox 432 2466 559 2544; x_wconf 87' lang='lat' dir='ltr'>stagnis</span> <span class='ocrx_word' id='word_1_135' title='bbox 576 2484 660 2546; x_wconf 89' lang='lat' dir='ltr'>quae</span> <span class='ocrx_word' id='word_1_136' title='bbox 677 2463 933 2545; x_wconf 89' lang='lat' dir='ltr'>fluminibusque</span> <span class='ocrx_word' id='word_1_137' title='bbox 949 2463 1078 2526; x_wconf 91' lang='lat' dir='ltr'>sonoris</span> 
     </span>
     <span class='ocr_line' id='line_1_22' title="bbox 121 2567 1110 2642; baseline -0.005 -9"><span class='ocrx_word' id='word_1_138' title='bbox 121 2589 163 2639; x_wconf 86' lang='lat'>140</span> <span class='ocrx_word' id='word_1_139' title='bbox 201 2568 381 2642; x_wconf 91' lang='lat' dir='ltr'>Praesidet,</span> <span class='ocrx_word' id='word_1_140' title='bbox 396 2603 437 2616; x_wconf 81' lang='lat'><em>-</em></span> <span class='ocrx_word' id='word_1_141' title='bbox 449 2569 538 2632; x_wconf 91' lang='lat' dir='ltr'>hunc</span> <span class='ocrx_word' id='word_1_142' title='bbox 554 2568 599 2630; x_wconf 92' lang='lat' dir='ltr'>illi</span> <span class='ocrx_word' id='word_1_143' title='bbox 616 2588 673 2631; x_wconf 89' lang='lat' dir='ltr'>rex</span> <span class='ocrx_word' id='word_1_144' title='bbox 689 2567 832 2631; x_wconf 88' lang='lat' dir='ltr'>aetheris</span> <span class='ocrx_word' id='word_1_145' title='bbox 848 2567 934 2630; x_wconf 89' lang='lat' dir='ltr'>altus</span> <span class='ocrx_word' id='word_1_146' title='bbox 951 2569 1110 2631; x_wconf 88' lang='lat' dir='ltr'>honorem</span> 
     </span>
     <span class='ocr_line' id='line_1_23' title="bbox 203 2671 999 2755; baseline -0.003 -19"><span class='ocrx_word' id='word_1_147' title='bbox 203 2673 357 2755; x_wconf 90' lang='lat' dir='ltr'>Iuppiter</span> <span class='ocrx_word' id='word_1_148' title='bbox 371 2681 487 2752; x_wconf 89' lang='lat' dir='ltr'>erepta</span> <span class='ocrx_word' id='word_1_149' title='bbox 503 2692 564 2754; x_wconf 91' lang='lat' dir='ltr'>pro</span> <span class='ocrx_word' id='word_1_150' title='bbox 580 2671 768 2752; x_wconf 84' lang='lat' dir='ltr'>virginitate</span> <span class='ocrx_word' id='word_1_151' title='bbox 785 2671 979 2734; x_wconf 89' lang='lat' dir='ltr'>sacravit-</span> <span class='ocrx_word' id='word_1_152' title='bbox 993 2694 999 2734; x_wconf 94' lang='lat'>:</span> 
     </span>
     <span class='ocr_line' id='line_1_24' title="bbox 245 2776 1217 2862; baseline -0.005 -22"><span class='ocrx_word' id='word_1_153' title='bbox 245 2782 264 2809; x_wconf 85' lang='lat'>“</span> <span class='ocrx_word' id='word_1_154' title='bbox 276 2776 446 2862; x_wconf 91' lang='lat' dir='ltr'>Nympha,</span> <span class='ocrx_word' id='word_1_155' title='bbox 458 2776 559 2838; x_wconf 90' lang='lat' dir='ltr'>decus</span> <span class='ocrx_word' id='word_1_156' title='bbox 572 2776 754 2851; x_wconf 88' lang='lat' dir='ltr'>fluviorum,</span> <span class='ocrx_word' id='word_1_157' title='bbox 768 2777 878 2839; x_wconf 90' lang='lat' dir='ltr'>animo</span> <span class='ocrx_word' id='word_1_158' title='bbox 891 2777 1078 2857; x_wconf 83' lang='lat' dir='ltr'>gratissima</span> <span class='ocrx_word' id='word_1_159' title='bbox 1095 2784 1217 2845; x_wconf 87' lang='lat' dir='ltr'>nostro,</span> 
     </span>
     <span class='ocr_line' id='line_1_25' title="bbox 183 2877 1066 2962; baseline -0.002 -17"><span class='ocrx_word' id='word_1_160' title='bbox 183 2877 285 2956; x_wconf 72' lang='lat' dir='ltr'>&#39;Scis</span> <span class='ocrx_word' id='word_1_161' title='bbox 302 2890 339 2943; x_wconf 90' lang='lat' dir='ltr'>ut</span> <span class='ocrx_word' id='word_1_162' title='bbox 354 2889 387 2944; x_wconf 92' lang='lat' dir='ltr'>te</span> <span class='ocrx_word' id='word_1_163' title='bbox 404 2880 532 2943; x_wconf 89' lang='lat' dir='ltr'>cunctis</span> <span class='ocrx_word' id='word_1_164' title='bbox 548 2899 660 2954; x_wconf 88' lang='lat' dir='ltr'>unam,</span> <span class='ocrx_word' id='word_1_165' title='bbox 678 2899 908 2962; x_wconf 90' lang='lat' dir='ltr'>quaecumque</span> <span class='ocrx_word' id='word_1_166' title='bbox 926 2881 1066 2943; x_wconf 87' lang='lat' dir='ltr'>Latinae</span> 
     </span>
     <span class='ocr_line' id='line_1_26' title="bbox 203 2983 1033 3066; baseline 0.001 -19"><span class='ocrx_word' id='word_1_167' title='bbox 203 2983 413 3066; x_wconf 85' lang='lat' dir='ltr'>Magnanimi</span> <span class='ocrx_word' id='word_1_168' title='bbox 431 2985 520 3046; x_wconf 89' lang='lat' dir='ltr'>lovis</span> <span class='ocrx_word' id='word_1_169' title='bbox 536 2983 702 3065; x_wconf 85' lang='lat' dir='ltr'>ingratum</span> <span class='ocrx_word' id='word_1_170' title='bbox 719 2985 900 3048; x_wconf 89' lang='lat' dir='ltr'>ascendere</span> <span class='ocrx_word' id='word_1_171' title='bbox 917 2985 1033 3060; x_wconf 87' lang='lat' dir='ltr'>cubile,</span> 
     </span>
     <span class='ocr_line' id='line_1_27' title="bbox 123 3087 1052 3170; baseline 0.003 -24"><span class='ocrx_word' id='word_1_172' title='bbox 123 3109 163 3164; x_wconf 77' lang='lat'>¹45</span> <span class='ocrx_word' id='word_1_173' title='bbox 204 3088 431 3163; x_wconf 86' lang='lat' dir='ltr'>Praetulerim,</span> <span class='ocrx_word' id='word_1_174' title='bbox 448 3088 597 3170; x_wconf 90' lang='lat' dir='ltr'>caelique</span> <span class='ocrx_word' id='word_1_175' title='bbox 614 3087 720 3151; x_wconf 89' lang='lat' dir='ltr'>libens</span> <span class='ocrx_word' id='word_1_176' title='bbox 736 3089 768 3150; x_wconf 95' lang='lat' dir='ltr'>in</span> <span class='ocrx_word' id='word_1_177' title='bbox 786 3097 882 3170; x_wconf 88' lang='lat' dir='ltr'>parte</span> <span class='ocrx_word' id='word_1_178' title='bbox 898 3089 1052 3152; x_wconf 89' lang='lat' dir='ltr'>locarim:</span> 
     </span>
     <span class='ocr_line' id='line_1_28' title="bbox 205 3193 1054 3268; baseline 0 -14"><span class='ocrx_word' id='word_1_179' title='bbox 205 3194 307 3256; x_wconf 88' lang='lat' dir='ltr'>Disce</span> <span class='ocrx_word' id='word_1_180' title='bbox 323 3202 426 3267; x_wconf 89' lang='lat' dir='ltr'>tuum,</span> <span class='ocrx_word' id='word_1_181' title='bbox 443 3213 486 3256; x_wconf 91' lang='lat' dir='ltr'>ne</span> <span class='ocrx_word' id='word_1_182' title='bbox 502 3210 556 3255; x_wconf 90' lang='lat' dir='ltr'>me</span> <span class='ocrx_word' id='word_1_183' title='bbox 571 3193 713 3267; x_wconf 73' lang='lat' dir='ltr'>incuses</span> <span class='ocrx_word' id='word_1_184' title='bbox 732 3193 880 3268; x_wconf 89' lang='lat' dir='ltr'>Iuturna,</span> <span class='ocrx_word' id='word_1_185' title='bbox 897 3193 1054 3256; x_wconf 88' lang='lat' dir='ltr'>dolorem.</span> 
     </span>
     <span class='ocr_line' id='line_1_29' title="bbox 204 3296 1074 3380; baseline -0.002 -20"><span class='ocrx_word' id='word_1_186' title='bbox 204 3297 282 3379; x_wconf 83' lang='lat' dir='ltr'>Qua</span> <span class='ocrx_word' id='word_1_187' title='bbox 296 3296 368 3360; x_wconf 90' lang='lat' dir='ltr'>visa</span> <span class='ocrx_word' id='word_1_188' title='bbox 384 3307 434 3360; x_wconf 89' lang='lat' dir='ltr'>est</span> <span class='ocrx_word' id='word_1_189' title='bbox 454 3298 602 3360; x_wconf 89' lang='lat' dir='ltr'>Fortuna</span> <span class='ocrx_word' id='word_1_190' title='bbox 618 3299 697 3378; x_wconf 91' lang='lat' dir='ltr'>pati,</span> <span class='ocrx_word' id='word_1_191' title='bbox 717 3298 905 3380; x_wconf 88' lang='lat' dir='ltr'>Parcaeque</span> <span class='ocrx_word' id='word_1_192' title='bbox 922 3297 1074 3360; x_wconf 89' lang='lat' dir='ltr'>sinebant</span> 
     </span>
     <span class='ocr_line' id='line_1_30' title="bbox 205 3400 1064 3476; baseline -0.001 -12"><span class='ocrx_word' id='word_1_193' title='bbox 205 3400 333 3464; x_wconf 92' lang='lat' dir='ltr'>Cedere</span> <span class='ocrx_word' id='word_1_194' title='bbox 350 3419 402 3464; x_wconf 89' lang='lat' dir='ltr'>res</span> <span class='ocrx_word' id='word_1_195' title='bbox 421 3400 528 3476; x_wconf 89' lang='lat' dir='ltr'>Latio,</span> <span class='ocrx_word' id='word_1_196' title='bbox 545 3401 694 3464; x_wconf 91' lang='lat' dir='ltr'>Turnum</span> <span class='ocrx_word' id='word_1_197' title='bbox 712 3412 746 3464; x_wconf 92' lang='lat' dir='ltr'>et</span> <span class='ocrx_word' id='word_1_198' title='bbox 761 3412 817 3464; x_wconf 87' lang='lat' dir='ltr'>tua</span> <span class='ocrx_word' id='word_1_199' title='bbox 835 3402 965 3464; x_wconf 87' lang='lat' dir='ltr'>moenia</span> <span class='ocrx_word' id='word_1_200' title='bbox 980 3401 1064 3475; x_wconf 87' lang='lat' dir='ltr'>texi;</span> 
     </span>
     <span class='ocr_line' id='line_1_31' title="bbox 207 3504 1102 3586; baseline 0 -20"><span class='ocrx_word' id='word_1_201' title='bbox 207 3504 306 3567; x_wconf 89' lang='lat' dir='ltr'>Nunc</span> <span class='ocrx_word' id='word_1_202' title='bbox 323 3504 476 3568; x_wconf 90' lang='lat' dir='ltr'>iuvenem</span> <span class='ocrx_word' id='word_1_203' title='bbox 493 3505 675 3586; x_wconf 88' lang='lat' dir='ltr'>imparibus</span> <span class='ocrx_word' id='word_1_204' title='bbox 691 3506 788 3569; x_wconf 88' lang='lat' dir='ltr'>video</span> <span class='ocrx_word' id='word_1_205' title='bbox 802 3523 998 3569; x_wconf 88' lang='lat' dir='ltr'>concurrere</span> <span class='ocrx_word' id='word_1_206' title='bbox 1015 3504 1102 3579; x_wconf 85' lang='lat' dir='ltr'>fatis,</span> 
     </span>
     <span class='ocr_line' id='line_1_32' title="bbox 124 3609 1026 3691; baseline 0.007 -25"><span class='ocrx_word' id='word_1_207' title='bbox 124 3629 168 3683; x_wconf 85' lang='lat'>150</span> <span class='ocrx_word' id='word_1_208' title='bbox 207 3609 449 3691; x_wconf 90' lang='lat' dir='ltr'>Parcarumque</span> <span class='ocrx_word' id='word_1_209' title='bbox 465 3609 537 3673; x_wconf 90' lang='lat' dir='ltr'>dies</span> <span class='ocrx_word' id='word_1_210' title='bbox 553 3619 586 3672; x_wconf 95' lang='lat' dir='ltr'>et</span> <span class='ocrx_word' id='word_1_211' title='bbox 600 3611 651 3673; x_wconf 90' lang='lat' dir='ltr'>vis</span> <span class='ocrx_word' id='word_1_212' title='bbox 666 3609 799 3673; x_wconf 89' lang='lat' dir='ltr'>inimica</span> <span class='ocrx_word' id='word_1_213' title='bbox 816 3610 1026 3691; x_wconf 90' lang='lat' dir='ltr'>propinquat.</span> 
     </span>
    </p>
   </div>
   <div class='ocr_carea' id='block_1_3' title="bbox 208 3712 1219 3796">
    <p class='ocr_par' dir='ltr' id='par_1_3' title="bbox 208 3712 1219 3796">
     <span class='ocr_line' id='line_1_33' title="bbox 208 3712 1219 3796; baseline -0.004 -21"><span class='ocrx_word' id='word_1_214' title='bbox 208 3712 284 3776; x_wconf 89' lang='lat' dir='ltr'>Non</span> <span class='ocrx_word' id='word_1_215' title='bbox 298 3733 445 3794; x_wconf 77' lang='lat' dir='ltr'>pugnarn</span> <span class='ocrx_word' id='word_1_216' title='bbox 458 3716 606 3796; x_wconf 90' lang='lat' dir='ltr'>aspicere</span> <span class='ocrx_word' id='word_1_217' title='bbox 620 3715 706 3777; x_wconf 89' lang='lat' dir='ltr'>hanc</span> <span class='ocrx_word' id='word_1_218' title='bbox 719 3715 831 3788; x_wconf 89' lang='lat' dir='ltr'>oculis,</span> <span class='ocrx_word' id='word_1_219' title='bbox 845 3734 911 3777; x_wconf 93' lang='lat' dir='ltr'>non</span> <span class='ocrx_word' id='word_1_220' title='bbox 923 3713 1059 3776; x_wconf 87' lang='lat' dir='ltr'>foedera</span> <span class='ocrx_word' id='word_1_221' title='bbox 1073 3731 1219 3793; x_wconf 88' lang='lat' dir='ltr'>possum.</span> 
     </span>
    </p>
   </div>
   <div class='ocr_carea' id='block_1_4' title="bbox 207 3817 1002 3900">
    <p class='ocr_par' dir='ltr' id='par_1_4' title="bbox 207 3817 1002 3900">
     <span class='ocr_line' id='line_1_34' title="bbox 207 3817 1002 3900; baseline -0.003 -20"><span class='ocrx_word' id='word_1_222' title='bbox 207 3817 259 3880; x_wconf 91' lang='lat' dir='ltr'>Tu</span> <span class='ocrx_word' id='word_1_223' title='bbox 276 3837 336 3897; x_wconf 88' lang='lat' dir='ltr'>pro</span> <span class='ocrx_word' id='word_1_224' title='bbox 352 3836 510 3898; x_wconf 89' lang='lat' dir='ltr'>germano</span> <span class='ocrx_word' id='word_1_225' title='bbox 527 3820 554 3880; x_wconf 94' lang='lat' dir='ltr'>si</span> <span class='ocrx_word' id='word_1_226' title='bbox 570 3817 649 3900; x_wconf 92' lang='lat' dir='ltr'>quid</span> <span class='ocrx_word' id='word_1_227' title='bbox 666 3818 873 3900; x_wconf 88' lang='lat' dir='ltr'>praesentius</span> <span class='ocrx_word' id='word_1_228' title='bbox 889 3817 1002 3892; x_wconf 87' lang='lat' dir='ltr'>audes,</span> 
     </span>
    </p>
   </div>
   <div class='ocr_carea' id='block_1_5' title="bbox 0 0 1412 4282">
    <p class='ocr_par' dir='ltr' id='par_1_5' title="bbox 0 0 1412 4282">
     <span class='ocr_line' id='line_1_35' title="bbox 0 0 1412 4282; baseline 0 0"><span class='ocrx_word' id='word_1_229' title='bbox 0 0 1412 4282; x_wconf 95' lang='lat' dir='ltr'> </span> 
     </span>
    </p>
   </div>
  </div>
 </body>
</html>
