2796 4282
203 288 261 369 158
555 293 712 350 VERGID
739 292 934 348 Aruernos
953 281 956 286 '

285 476 340 540 Sic
357 476 490 540 demum
507 476 600 539 lucos
618 476 731 560 Stygis
747 486 779 538 et
795 495 898 557 regna
913 474 1000 538 invia
1015 474 1101 539 vivis

200 600 244 653 155
285 581 471 662 Aspicies.”
521 581 622 656 Dixit,
640 599 820 666 pressoque
836 579 999 643 obmutuit
1014 599 1080 642 ore.

327 789 464 852 Aeneas
482 798 608 852 maesto
624 789 751 850 defixus
768 787 890 851 lumina
905 788 996 850 vultu

286 893 485 973 Ingreditur,
503 893 656 974 linquens
673 902 813 966 antrum,
831 911 1012 974 caecosque
1027 893 1161 956 volutat

286 997 435 1060 Eventus
454 996 565 1059 animo
581 1015 704 1058 secum.
753 996 814 1060 Cui
830 996 915 1058 fidus
930 996 1080 1058 Achates

284 1101 315 1162 lt
331 1120 451 1176 comeS,
470 1110 503 1163 et
520 1100 654 1182 paribus
672 1100 758 1162 curis
775 1100 913 1180 vestigia
930 1100 1009 1180 figit.
1109 1090 1111 1094 ’

196 1215 242 1264 160
284 1205 391 1266 Multa
409 1204 494 1267 inter
510 1223 583 1267 sese
599 1203 689 1266 vario
710 1221 862 1284 sermone
878 1203 1040 1279 serebant,

283 1308 391 1388 Quem
405 1309 528 1371 socium
542 1309 727 1372 exanimem
742 1317 844 1382 vates
857 1307 942 1387 quod
957 1327 1077 1389 corpus
1091 1308 1309 1371 humandum

285 1411 427 1474 Diceret.
475 1413 589 1495 Atque
605 1412 651 1474 illi
672 1410 838 1474 Misenum
855 1411 887 1473 in
905 1411 997 1473 litore
1014 1411 1111 1486 sicc0,

283 1516 331 1578 Ut
347 1536 477 1591 venere,
494 1517 608 1579 vident
624 1515 762 1596 indigna
781 1524 885 1578 morte
902 1525 1121 1596 peremptum,

284 1619 451 1682 Misenum
469 1622 643 1698 Aeoliden,
664 1643 729 1706 quo
746 1643 812 1686 non
830 1624 1048 1704 praestantior
1064 1622 1150 1685 alter
1169 1629 1172 1634 ’
1243 1669 1249 1678 .

196 1731 240 1796 165
282 1723 372 1786 Aere
388 1724 474 1786 ciere
490 1725 586 1798 viros,
607 1727 817 1809 Martemque
833 1727 1013 1790 accendere
1029 1736 1140 1790 cantu.

283 1826 438 1890 Hectoris
455 1829 507 1890 hic
525 1831 638 1910 magni
658 1831 766 1894 fuerat
782 1851 903 1907 comeS,
923 1833 1070 1896 Hectora
1086 1831 1213 1893 circum

282 1930 325 1991 Et
342 1930 422 1993 lituo
440 1953 571 2012 pugnas
587 1936 726 2016 insignis
744 1937 856 2000 obibat
870 1948 904 2000 et
921 1938 1024 1999 hasta.

281 2033 459 2114 Postquam
477 2036 569 2098 illum
585 2038 653 2100 vita
670 2040 775 2103 victor
793 2040 944 2122 spoliavit
961 2040 1121 2114 Achilles,

282 2137 453 2201 Dardanio
471 2140 608 2204 Aeneae
625 2163 698 2206 sese
715 2144 916 2206 fortissimus
932 2145 1029 2206 heros

195 2262 239 2308 170
281 2238 467 2303 Addiderat
484 2244 618 2320 socium,
638 2267 703 2309 non
721 2248 877 2310 inferiora
894 2258 1036 2311 secutus.

280 2341 346 2405 Sed
363 2352 443 2420 turn,
461 2346 547 2410 forte
563 2369 645 2412 cava
663 2351 741 2412 dum
760 2363 916 2432 personat
933 2372 1077 2434 aequora
1092 2352 1231 2426 concha,

281 2445 428 2508 Demens
442 2459 474 2511 et
491 2462 590 2514 cantu
607 2463 703 2516 vocat
721 2456 753 2515 in
772 2456 953 2518 certamina
969 2456 1072 2531 divos

278 2548 442 2613 Aemulus
458 2564 633 2636 exceptum
651 2557 778 2633 Triton,
797 2561 824 2621 si
841 2560 975 2624 credere
992 2560 1130 2642 dignum
1148 2568 1208 2634 est,

280 2651 371 2714 Inter
387 2673 467 2716 saxa
482 2657 587 2719 virum
608 2679 766 2739 spumosa
782 2663 988 2727 immerserat
1005 2665 1102 2727 unda.

195 2771 238 2822 Ι75
324 2755 414 2835 Ergo
430 2776 545 2821 omnes
564 2781 685 2842 magno
703 2765 826 2828 circum
844 2767 987 2830 clamore
1004 2767 1203 2842 fremebant,

280 2855 459 2940 Praecipue
476 2861 550 2940 pius
567 2863 711 2929 Aeneas
759 2870 845 2931 Turn
862 2870 952 2933 iussa
969 2871 1125 2954 Sibyllae,

280 2957 380 3022 Haud
399 2982 499 3038 mora,
518 2966 678 3034 festinant
698 2974 825 3050 flentes,
842 2995 1001 3057 aramque
1018 2974 1164 3056 sepulcri

280 3059 467 3140 Congerere
484 3069 656 3135 arboribus
674 3078 832 3160 caeloque
849 3079 993 3143 educere
1007 3087 1146 3142 certant.

280 3160 350 3222 Itur
366 3164 396 3225 in
415 3170 584 3252 antiquam
603 3178 729 3252 silvam,
748 3183 876 3246 stabula
894 3184 962 3246 alta
978 3172 1135 3256 ferarum,

194 3268 238 3316 180
279 3261 501 3334 Procumbunt
519 3278 640 3354 piceae,
660 3294 756 3346 sonat
772 3285 837 3348 icta
854 3287 1025 3350 securibus
1042 3286 1116 3360 ilex,

280 3362 526 3455 Fraxineaeque
543 3380 654 3444 trabes
671 3389 785 3450 cuneis
801 3398 834 3450 et
851 3389 951 3452 fissile
968 3390 1068 3452 robur

279 3463 454 3547 Scinditur,
472 3479 652 3547 advolvunt
669 3487 822 3568 ingentes
839 3493 1008 3556 montibus
1024 3511 1134 3555 ornos

280 3564 350 3627 Nec
367 3591 432 3633 non
450 3577 585 3644 Aeneas
602 3605 703 3666 opera
719 3593 806 3655 inter
821 3596 899 3657 talia
916 3587 1057 3676 primus

281 3663 442 3734 Hortatur
459 3681 572 3756 socios
591 3690 791 3773 paribusque
808 3699 993 3779 accingitur
1010 3701 1120 3762 armis.

194 3764 237 3826 ¹85
317 3766 430 3848 Atque
447 3776 528 3842 haec
544 3785 615 3863 ipse
632 3809 691 3853 suo
709 3797 793 3858 tristi
809 3819 884 3861 curn
902 3802 1002 3864 corde
1019 3802 1158 3876 volutat,
