2800 4286
189 289 253 340 220
545 279 703 334 VERGlLl
730 283 927 335 AENElDOS

188 485 235 537 415
280 460 439 524 Mollibus
454 480 473 524 e
489 459 602 523 stratis
618 480 720 542 opera
736 461 778 522 ad
795 461 926 524 fabrilia
943 461 1056 544 surgit.

322 564 437 628 Insula
459 564 627 628 Sicanium
645 565 735 628 iuxta
752 565 837 627 latus
854 566 1074 648 Aeoliamque

278 670 426 750 Erigitur
444 669 599 750 Liparen,
618 668 824 732 fumantibus
840 669 942 732 ardua
959 670 1054 745 saxis,

277 775 388 857 Quam
405 774 519 836 subter
535 793 657 855 specus
673 783 706 836 et
723 774 908 858 Cyclopum
926 795 1023 838 exesa
1038 774 1180 838 caminis

277 880 386 942 Antra
402 869 559 941 Aetnaea
574 887 701 954 tonant,
719 878 884 960 validique
900 878 1075 942 incudibus
1091 879 1177 942 ictus

188 1010 237 1058 420
278 983 394 1046 Auditi
410 983 560 1045 referunt
576 982 729 1064 gemitus,
748 983 956 1065 striduntque
972 984 1123 1048 cavernis

278 1089 458 1153 Stricturae
476 1087 673 1171 Chalybum,
692 1097 726 1149 et
742 1088 933 1150 fornacibus
949 1087 1036 1169 ignis
1052 1089 1197 1163 anhelat,

275 1192 419 1256 Vulcani
435 1193 562 1267 domus,
581 1201 614 1255 et
632 1191 794 1254 Vulcania
809 1192 943 1255 nomine
959 1193 1065 1255 tellus.

278 1299 354 1360 Hoc
373 1305 452 1358 tunc
474 1296 670 1378 Ignipotens
686 1297 777 1359 caelo
794 1296 967 1359 descendit
982 1297 1024 1359 ab
1041 1298 1117 1359 alto.

278 1403 415 1464 Ferrum
435 1400 635 1463 exercebant
650 1410 744 1463 vasto
760 1401 925 1484 Cyclopes
941 1401 974 1462 in
991 1410 1095 1474 antr0,

188 1531 235 1583 4²5
278 1508 487 1587 Brontesque
504 1505 730 1587 Steropesque
746 1514 780 1567 et
797 1506 905 1568 nudus
921 1506 1069 1568 membra
1086 1506 1276 1589 Pyracmon.

278 1611 343 1672 His
358 1609 575 1672 informatum
594 1609 746 1672 manibus
762 1609 827 1671 iam
844 1619 938 1691 parte
956 1609 1057 1690 polita

278 1715 420 1778 Fulmen
436 1723 515 1788 erat,
533 1723 604 1776 toto
620 1713 758 1777 Genitor
774 1734 859 1796 quae
877 1714 1018 1794 plurima
1036 1713 1130 1776 caelo

278 1818 389 1882 Deicit
405 1817 438 1879 in
455 1826 570 1892 terraS,
590 1838 666 1898 pars
683 1818 880 1899 imperfecta
898 1818 1061 1881 manebat.

275 1924 360 1985 Tres
376 1921 490 1984 imbris
506 1921 584 1984 torti
602 1921 719 1997 radios
737 1932 805 1984 tres
822 1923 919 1985 nubis
937 1941 1081 2004 aquosae

188 2052 236 2101 430
276 2026 497 2101 Addiderant,
516 2026 604 2087 rutili
621 2035 687 2088 tres
704 2026 791 2106 ignis
807 2036 840 2089 et
857 2025 943 2088 alitis
960 2027 1093 2102 Austri;

276 2132 543 2212 Fulgoresmuuc
560 2129 719 2192 terrificos
736 2130 946 2213 sonitumque
971 2140 1162 2212 metumque

277 2235 466 2298 Miscebant
482 2233 575 2315 operi
592 2233 799 2316 flammisque
817 2234 1014 2317 sequacibus
1031 2234 1104 2297 iras.

276 2341 372 2402 Parte
389 2339 453 2401 alia
472 2338 573 2400 Marti
589 2358 787 2420 currumque
803 2349 959 2420 rotasque
975 2339 1124 2401 volucres

276 2443 460 2517 Instabant,
479 2442 598 2523 quibus
615 2442 669 2505 ille
685 2442 782 2518 viros
800 2443 919 2525 quibus
935 2443 1056 2506 excitat
1072 2442 1190 2519 urbes;

184 2571 232 2623 435
274 2547 474 2628 Aegidaque
491 2547 697 2622 horriferam,
716 2547 867 2611 turbatae
885 2547 1028 2610 Palladis
1044 2567 1145 2622 arma,

274 2650 433 2716 Certatim
451 2650 597 2739 squamis
614 2661 806 2732 serpentum
823 2670 968 2733 auroque
986 2650 1145 2732 polibant,

273 2757 492 2837 Conexosque
508 2775 636 2836 angues
652 2756 825 2837 ipsamque
842 2757 875 2817 in
892 2765 1027 2837 pectore
1043 2755 1138 2818 divae

273 2861 439 2939 Gorgona,
458 2859 592 2922 desecto
609 2869 792 2922 vertentem
811 2859 935 2922 lumina
951 2860 1044 2922 collo.

318 2963 467 3025 “Tollite
479 2963 629 3037 cuncta,”
642 2963 757 3045 inquit,
772 2970 998 3046 “coeptosque
1010 2964 1139 3026 auferte
1150 2963 1289 3039 labores,

182 3093 232 3139 440
273 3068 416 3131 Aetnaei
431 3066 605 3151 Cyclopes,
624 3077 656 3129 et
672 3068 761 3129 hunc
779 3068 940 3130 advertite
957 3077 1122 3131 mentem:

271 3172 378 3234 Arma
395 3171 463 3233 acri
478 3171 634 3234 facienda
650 3171 728 3234 viro.
779 3173 878 3235 Nunc
896 3172 1020 3234 viribus
1037 3193 1125 3247 usus,

273 3277 373 3339 Nunc
390 3275 544 3338 manibus
561 3275 694 3357 rapidis,
713 3276 803 3338 omni
820 3297 908 3339 nunc
926 3287 996 3340 arte
1013 3276 1181 3356 magistra.

272 3379 491 3461 Praecipitate
508 3381 648 3442 moras”
697 3382 769 3443 Nec
786 3382 881 3462 plura
897 3381 1037 3458 effatus3
1064 3390 1098 3443 at
1114 3381 1160 3443 illi

270 3483 375 3548 Ocius
391 3484 570 3547 incubuere
586 3503 703 3547 omnes
720 3487 910 3566 pariterque
927 3485 1074 3548 laborem

181 3612 228 3664 445
271 3587 394 3652 Sortiti.
443 3586 533 3650 Fluit
550 3607 606 3650 aes
623 3587 701 3650 rivis
718 3591 855 3670 aurique
873 3590 1051 3664 metallum,

268 3691 522 3772 Vulnificusque
538 3691 677 3775 chalybs
694 3701 788 3754 vasta
805 3694 941 3756 fornace
959 3693 1119 3775 liquescit.

270 3795 449 3876 Ingentem
466 3793 609 3875 clipeum
630 3795 819 3872 informant,
839 3817 940 3860 unum
958 3799 1069 3860 omnia
1085 3806 1202 3862 contra
