2796 4282
192 270 252 348 136
545 277 705 330 VERGILI
731 277 929 332 AENEIDOS

275 457 342 540 Qui
358 457 458 522 subiit
475 457 616 540 palmae,
634 458 823 541 frustraque
839 459 882 522 ad
900 461 1045 540 praemia
1060 459 1153 523 venit

276 562 413 638 Ultima,
432 562 459 625 si
475 561 573 644 primi
590 563 680 626 Salio
696 563 877 626 reddantur
893 564 1043 628 honores,

318 668 406 730 Tum
426 676 521 749 pater
538 667 675 730 Aeneas
693 669 843 731 “Vestra
855 667 871 692 ”
890 667 995 749 inquit
1013 673 1182 732 “munera
1198 669 1286 732 vobis
1384 678 1385 694 ¹

275 772 375 836 Certa
396 781 540 847 manent,
562 773 665 852 pueri,
686 782 719 834 et
739 772 884 853 palmam
906 781 1015 835 movet
1034 772 1150 835 ordine
1173 793 1287 847 nemo,

186 903 233 954 350
276 878 333 940 Me
350 875 449 938 liceat
466 895 563 938 casus
581 875 729 939 miserari
745 876 883 938 insontis
900 877 1026 938 amici.”

274 981 329 1045 Sic
346 981 436 1043 fatus
452 990 582 1061 tergum
600 980 732 1044 Gaetuli
747 981 891 1044 immane
907 981 1011 1044 leonis

276 1085 344 1149 Dat
361 1085 461 1160 Salio,
480 1085 565 1147 villis
581 1105 758 1148 onerosum
775 1095 873 1167 atque
890 1085 1056 1166 unguibus
1072 1089 1192 1149 aureis,

275 1191 341 1253 Hic
361 1189 464 1252 Nisus
481 1190 547 1254 “Si
563 1199 658 1252 tanta
672 1190 690 1213 ’'
707 1190 813 1272 inquit
831 1195 936 1253 “sunt
953 1192 1100 1272 praemia
1115 1190 1221 1266 victis,

276 1295 319 1358 Et
335 1304 369 1358 te
384 1294 552 1374 lapsorum
571 1294 713 1370 miseret,
732 1314 817 1376 quae
835 1315 972 1357 munera
990 1295 1072 1358 Niso

189 1425 236 1477 555
279 1398 392 1480 Digna
408 1397 528 1460 dabis?
553 1398 693 1480 primam
711 1399 815 1461 merui
831 1398 888 1481 qui
903 1399 1000 1462 laude
1016 1419 1183 1474 coronam,

275 1503 320 1566 Ni
337 1522 399 1577 me,
418 1522 503 1584 quae
521 1502 658 1577 Salium,
677 1503 810 1565 fortuna
826 1503 959 1565 inimica
975 1503 1134 1566 tulisset.'’

276 1607 319 1669 Et
335 1606 431 1668 simul
450 1605 501 1668 his
517 1605 613 1668 dictis
629 1606 749 1669 faciem
768 1606 958 1669 ostentabat
973 1618 1006 1670 ct
1022 1607 1086 1670 udo

273 1711 400 1792 Turpia
417 1710 567 1772 membra
584 1711 669 1773 fimo.
719 1710 804 1773 Risit
821 1721 916 1792 pater
932 1712 1076 1792 optimus
1092 1711 1158 1787 olli,

275 1816 319 1878 Et
335 1815 478 1895 clipeum
495 1815 608 1877 efferri
624 1814 727 1890 iussit,
748 1815 968 1899 Didymaonis
985 1825 1081 1890 artes

186 1931 233 1996 360
275 1920 426 2000 Neptuni
444 1939 538 1982 sacro
557 1918 685 1981 Danais
702 1920 742 1982 de
760 1929 855 2000 poste
872 1920 1019 1982 refixum.

275 2025 351 2086 Hoc
369 2023 523 2086 iuvenem
539 2025 711 2104 egregium
729 2023 912 2104 praestanti
929 2043 1064 2086 munere
1081 2024 1194 2088 donat.

319 2233 405 2307 Post,
423 2231 480 2294 ubi
496 2231 640 2294 confecti
657 2252 783 2308 cursus,
801 2241 834 2294 et
850 2232 938 2295 dona
955 2231 1104 2313 peregit:

274 2341 292 2368 ‘¹
305 2337 414 2411 Nunc,
433 2336 459 2398 si
476 2335 529 2397 cui
545 2337 649 2398 virtus
665 2336 862 2418 animusque
879 2335 911 2398 in
929 2345 1064 2417 pectore
1081 2356 1250 2417 praesens,

273 2439 373 2503 Adsit
389 2449 422 2502 et
440 2439 578 2502 evinctis
595 2439 723 2502 attollat
739 2439 893 2502 bracchia
910 2435 1060 2522 palmis.''

184 2557 231 2623 3⁶5
274 2545 328 2608 Sic
345 2545 400 2620 ait,
417 2555 450 2608 et
466 2545 636 2625 geminum
654 2564 787 2626 pugnae
805 2544 961 2626 proponit
977 2545 1146 2619 honorem,

272 2648 398 2713 Victori
413 2649 560 2711 velatum
578 2669 658 2711 auro
674 2647 830 2730 vittisque
846 2649 1031 2724 iuvencum,

274 2754 398 2818 Ensem
415 2763 515 2835 atque
532 2752 695 2833 insignem
714 2752 846 2833 galeam
864 2753 986 2816 solacia
1002 2753 1098 2818 victo.

318 2859 390 2921 Nec
406 2877 518 2920 mora:
543 2859 701 2919 continuo
717 2856 819 2919 vastis
837 2878 911 2920 cum
928 2857 1051 2920 viribus
1067 2859 1165 2920 effert

271 2961 340 3025 Ora
359 2963 477 3036 Dares,
495 2981 685 3042 magnoque
701 2963 807 3023 virum
825 2981 861 3024 se
879 2982 1045 3025 murmure
1061 2962 1163 3036 toliit;

182 3091 229 3141 370
271 3066 369 3129 Solus
386 3064 442 3147 qui
460 3065 611 3150 Paridem
630 3065 745 3128 solitus
762 3067 963 3129 contendere
980 3076 1103 3139 contra,

270 3168 432 3251 Idemque
449 3168 491 3231 ad
508 3170 681 3245 tumulum,
699 3191 765 3252 quo
782 3171 945 3233 maximus
962 3171 1103 3234 occubat
1120 3171 1258 3245 Hector,

269 3272 437 3336 Victorem
458 3274 565 3336 Buten
583 3273 720 3336 immani
737 3295 884 3356 corpore,
903 3276 959 3356 qui
976 3295 1011 3338 se

271 3375 433 3459 Bebrycia
450 3377 588 3440 veniens
604 3378 726 3461 Amyci
743 3379 783 3441 de
800 3389 901 3459 gente
919 3379 1058 3456 terebat,

270 3480 412 3542 Perculit
428 3490 461 3543 et
478 3480 569 3543 fulva
586 3481 818 3545 moribundum
836 3483 985 3546 extendit
1001 3484 1133 3547 harena.

181 3607 228 3660 375
270 3582 361 3645 Talis
378 3583 485 3664 prima
503 3585 611 3648 Dares
628 3595 728 3667 caput
745 3587 848 3649 altum
865 3586 898 3649 in
916 3589 1040 3668 proelia
1056 3588 1148 3661 tollit,

270 3686 494 3768 Ostenditque
511 3708 642 3751 umeros
658 3689 752 3764 latos,
769 3691 962 3773 alternaque
979 3691 1079 3756 iactat

272 3789 433 3851 Bracchia
449 3790 662 3870 protendens,
680 3802 713 3854 et
729 3793 881 3857 verberat
897 3795 1016 3858 ictibus
1032 3816 1137 3858 auras.
