2822 4294
513 299 628 350 LIBER
654 297 799 351 PRIMUS

187 477 296 540 Metre
312 477 376 540 dee
394 486 604 540 menstrante
624 479 721 553 viam,
739 477 817 540 data
833 478 905 540 feta
921 485 1075 553 secutus;

185 582 248 644 Vix
265 593 396 665 septem
414 583 594 646 convulsae
611 583 709 646 undis
728 583 883 664 Eureque
900 592 1087 664 supersunt.

188 687 265 769 Ipse
282 689 428 769 ignetus,
446 694 560 768 egens,
581 687 708 770 Libyae
724 687 856 749 deserta
873 695 1023 768 peragre‚
1080 753 1082 760 ,

103 803 149 868 385
189 791 323 872 Eurepe
341 801 443 874 atque
460 790 543 854 Asie
560 791 708 873 pulsus.''
757 792 829 854 Nec
847 792 943 872 plura
959 801 1152 872 querentem

188 897 289 959 Passa
305 897 424 960 Venus
442 895 551 958 medie
568 905 613 958 sic
631 896 790 958 interfeta
806 896 920 959 doiere
937 905 1006 958 est:

232 1000 425 1083 “Quisquis
442 1019 487 1076 es,
506 1000 604 1076 haud,
622 1000 731 1075 crede,
750 999 876 1063 invisus
892 999 1091 1062 caelestibus
1108 1006 1206 1062 aures

187 1104 314 1168 Viteles
330 1105 451 1185 carpis,
469 1105 606 1189 Tyriam
624 1113 680 1186 qui
696 1103 869 1167 adveneris
887 1103 1010 1166 urbem.

73 1259 91 1284 ,
190 1210 294 1290 Perge
310 1208 419 1284 m0d0,
438 1218 538 1291 atque
555 1209 632 1271 hinc
649 1216 682 1272 te
698 1216 833 1290 reginae
850 1208 893 1270 ad
910 1207 1022 1270 limina
1039 1207 1159 1288 perfer.

102 1339 150 1389 390
191 1313 344 1394 Namque
361 1313 422 1375 tibi
439 1313 577 1376 reduces
594 1315 702 1375 socies
719 1312 926 1394 classemque
943 1312 1080 1374 refertam

191 1416 317 1479 Nr'rntie
333 1426 367 1480 et
383 1418 417 1478 in
435 1424 543 1480 tutum
560 1426 664 1479 versis
681 1416 891 1499 aquilenibus
907 1423 1025 1490 ectam,

190 1521 234 1582 Ni
250 1522 374 1584 frestre
390 1521 566 1601 augurium
582 1528 661 1583 veni
676 1521 818 1584 docuere
836 1526 1000 1602 parentes

188 1625 314 1706 Aspice
330 1625 382 1687 bis
399 1632 498 1687 senes
515 1626 677 1689 laetantes
693 1625 827 1706 egmine
843 1633 976 1709 cycnes,

187 1729 350 1792 Aetherie
366 1737 450 1811 ques
467 1730 562 1810 lepsa
578 1730 678 1811 plage
696 1729 785 1792 Iovis
802 1730 870 1791 eles
887 1735 1003 1810 aperte

100 1859 146 1912 ³95
187 1833 360 1896 Turbebat
376 1834 488 1909 caele;
513 1854 602 1896 nunc
619 1841 724 1897 terres
740 1834 855 1896 erdine
872 1833 974 1914 longe

188 1937 259 2000 Aut
274 1957 395 2020 capere
412 1946 469 1999 aut
485 1945 601 2020 captes
617 1938 682 1999 iam
700 1939 895 2019 despectare
912 1937 1074 2000 videntur.

188 2042 237 2106 Ut
253 2042 392 2104 reduces
409 2042 455 2103 illi
473 2041 592 2104 indunt
609 2041 825 2105 stridentibus
842 2042 911 2117 elis,

189 2146 232 2208 Et
248 2153 345 2208 coetti
362 2153 495 2209 cinxere
512 2145 636 2227 polum,
655 2153 840 2228 cantusque
856 2146 986 2220 dedere,

189 2250 291 2312 Haud
309 2252 404 2313 aliter
421 2258 617 2332 puppesque
633 2260 710 2313 tuae
729 2251 901 2332 pribesque
917 2257 1048 2312 tuerum

98 2381 145 2427 400
188 2354 260 2417 Aut
278 2365 410 2436 portum
428 2363 529 2429 tenet,
548 2363 605 2417 aut
622 2354 722 2436 plene
738 2353 826 2416 subit
841 2353 926 2416 estia
942 2354 1024 2416 vele.

187 2459 294 2539 Perge
311 2459 419 2531 modo,
438 2468 479 2532 et,
498 2466 562 2540 que
580 2467 612 2521 te
628 2458 720 2522 decit
736 2458 799 2534 via,
817 2457 931 2539 derige
948 2457 1135 2539 gressum.’'

234 2561 333 2637 Dixit,
351 2572 384 2626 et
400 2569 554 2626 evertens
571 2570 665 2626 rosee
683 2572 810 2626 cervice
826 2561 964 2636 refulsit,

186 2666 454 2748 Ambrosiaeque
470 2686 585 2729 comae
602 2668 750 2728 divinum
767 2669 889 2730 vertice
906 2666 1039 2729 oderem

188 2770 373 2852 Spirevere,
393 2771 496 2853 pedes
512 2773 614 2834 vestis
631 2771 767 2834 defluxit
783 2771 824 2834 ad
841 2778 933 2846 imeS,

97 2903 143 2954 405
188 2875 234 2938 Et
249 2882 326 2938 vera
342 2875 473 2939 incesse
492 2875 599 2957 patuit
616 2875 687 2938 dea.
738 2875 798 2938 llle
815 2874 871 2937 ubi
887 2881 1026 2937 metrem

186 2978 369 3060 Adgnevit,
389 2979 448 3041 teli
465 2980 650 3060 fugientem
668 2989 720 3043 est
735 2987 817 3042 vece
834 2987 986 3042 secetus:

233 3083 353 3165 “Quid
369 3089 485 3145 netum
503 3082 633 3159 totiens,
653 3084 795 3146 credelis
812 3090 846 3146 tri
865 3103 1005 3166 quoque,
1024 3083 1118 3146 falsis

189 3187 292 3250 Lridis
309 3187 530 3270 imeginibqs?
579 3188 647 3253 Crir
663 3188 803 3270 dextrae
815 3189 951 3268 iungere
968 3187 1116 3249 dextram

189 3292 266 3353 Nen
282 3291 380 3355 datur
397 3311 435 3353 ac
453 3299 548 3354 veres
566 3293 679 3355 audire
696 3301 729 3354 et
747 3292 886 3355 reddere
902 3291 1021 3354 veces?
1033 3290 1049 3313 ”

97 3423 145 3470 410
231 3395 367 3458 Telibus
386 3395 525 3470 incrisat,
544 3415 764 3477 gressumque
781 3396 823 3459 ad
840 3395 971 3458 moenia
987 3394 1101 3457 tendit.

186 3499 235 3562 At
250 3499 367 3562 Venus
385 3498 526 3562 obscene
542 3499 733 3580 gradientes
749 3506 825 3563 eere
842 3499 974 3580 saepsit,

189 3604 231 3667 Et
248 3604 354 3666 multe
371 3603 512 3665 nebulae
529 3604 653 3666 circum
670 3603 733 3665 dea
749 3603 836 3665 fudit
853 3605 984 3678 amicte,

189 3708 333 3772 Cernere
352 3713 395 3768 ne
412 3709 485 3789 quis
502 3715 567 3782 ees
586 3727 651 3770 neu
669 3707 742 3788 quis
758 3706 952 3788 contingere
971 3717 1093 3789 posset,

189 3813 342 3876 Meiirive
361 3830 496 3887 moram,
514 3821 571 3874 aut
587 3811 743 3874 veniendi
759 3829 896 3892 poscere
912 3818 1039 3872 causes
