2796 4282
134 277 139 286 '
223 290 284 372 146
379 335 383 342 .
576 294 733 350 veneni
761 295 960 350 nauaroos

218 491 266 552 670
308 477 422 560 “Quis
435 477 527 540 furor
540 476 601 540 iste
614 476 743 540 novus?
759 497 825 558 quo
841 496 937 549 nunc,
952 497 1018 558 quo
1030 474 1194 538 tenditis'’
1206 473 1324 556 inquit,

308 583 416 644 “Heu
434 581 572 644 miserae
589 580 700 644 cives?
724 601 790 643 non
808 581 935 644 bostem
953 580 1154 661 inimicaque
1171 589 1275 642 castra

306 685 481 766 Argivum,
499 693 627 748 vestras
644 703 721 766 spes
738 684 840 746 uritis.
889 685 950 758 En,
968 704 1032 764 ego
1049 694 1161 746 vester

306 788 491 852 Ascanius!
504 789 521 812 ”
569 789 706 852 Galeam
724 789 920 869 antepedes
937 783 1075 868 proiecit
1091 790 1233 863 inanem,

307 894 383 974 Qua
399 892 477 955 ludo
493 892 629 956 indutus
645 892 724 956 belli
739 892 917 956 simulacra
930 892 1046 954 ciebat.

306 997 484 1060 Accelerat
500 998 597 1060 simul
614 997 759 1071 Aeneas,
777 997 874 1058 simul
890 997 1020 1078 agmina
1036 998 1224 1059 Teucrum:

306 1101 372 1164 Ast
387 1101 462 1163 illae
479 1102 610 1165 diversa
625 1111 716 1164 metu
732 1121 792 1182 per
808 1102 904 1163 litora
920 1101 1043 1182 passim

307 1205 508 1286 Diffugiunt,
527 1205 693 1286 silvasque
708 1215 742 1269 et
758 1205 862 1268 sicubi
878 1225 1024 1268 concava
1040 1205 1155 1267 furtim

307 1309 394 1372 Saxa
410 1318 546 1390 petunt;
572 1309 664 1390 piget
676 1310 799 1389 incepti
816 1309 974 1391 lucisque,
992 1329 1137 1390 suosque

307 1414 458 1476 Mutatae
475 1398 693 1493 adgnoscunt,
711 1433 916 1494 excussaque
933 1423 1067 1494 pectore
1085 1414 1172 1475 Iuno
1189 1423 1246 1476 est.

305 1516 372 1580 Sed
389 1537 455 1579 non
473 1517 595 1579 idcirco
613 1517 766 1580 flammae
783 1525 883 1598 atque
899 1515 1051 1580 incendia
1067 1515 1156 1578 vires

307 1621 490 1684 Indomitas
507 1641 666 1702 posuere;
692 1621 758 1682 udo
775 1621 837 1683 sub
853 1620 970 1683 robore
986 1621 1066 1683 vivit

305 1724 436 1805 Stuppa
453 1744 590 1787 vomens
607 1725 737 1787 tardum
754 1725 895 1798 fumum,
913 1724 1087 1805 lentusque
1103 1725 1235 1786 carinas

305 1828 366 1890 Est
382 1848 495 1909 vapor,
513 1838 546 1890 et
561 1837 631 1891 toto
647 1828 819 1891 descendit
834 1848 971 1909 corpore
988 1829 1101 1909 pestiS,

306 1932 378 1994 Nec
394 1933 480 1994 vires
497 1932 633 1994 heroum
651 1931 827 2014 infusaque
844 1932 980 1994 flumina
996 1942 1144 2012 prosunt.

251 2060 261 2076 .
347 2036 435 2097 Tum
451 2035 526 2116 pius
542 2036 679 2098 Aeneas
695 2036 818 2098 umeris
839 2036 1034 2099 abscindere
1050 2046 1190 2112 vestem,

304 2138 505 2220 Auxilioque
521 2159 640 2201 vocare
657 2140 747 2214 deos
765 2149 799 2202 et
814 2140 951 2202 tendere
967 2141 1116 2220 palmas:

304 2246 322 2272 “
335 2241 486 2322 luppiter
501 2244 721 2322 omnipotenS,
739 2243 767 2306 si
782 2243 931 2306 nondum
947 2225 1066 2306 exosus
1082 2243 1126 2306 ad
1142 2265 1244 2306 unum

302 2344 475 2420 Troianos
493 2346 520 2407 si
536 2345 615 2427 quid
631 2348 738 2427 pietas
754 2347 891 2428 antiqua
906 2347 1036 2410 labores

304 2449 454 2530 Respicit
470 2450 642 2526 humanos
660 2451 703 2513 da
719 2451 886 2514 flammam
902 2450 1045 2514 evadere
1061 2451 1162 2514 classi
1260 2434 1263 2441 ¹

214 2561 262 2626 690
304 2552 413 2627 Nunc,
433 2554 538 2627 Pater,
557 2564 590 2618 et
606 2564 724 2618 tenues
740 2556 905 2617 Teucrum
922 2575 975 2618 res
992 2556 1083 2634 eripe
1100 2555 1178 2618 leto.

301 2655 365 2718 Vel
381 2665 426 2730 tu,
444 2657 533 2738 quod
550 2669 711 2738 superest,
728 2658 852 2722 infesto
869 2659 1008 2721 fulmine
1025 2659 1132 2734 morti,

302 2758 337 2820 Si
354 2779 492 2834 mereor,
509 2760 655 2836 demitte,
674 2771 796 2842 tuaque
813 2762 866 2826 hic
883 2762 986 2826 obrue
1002 2762 1150 2826 dextra.’'

246 2941 250 2948 ἱ
302 2861 365 2924 Vix
382 2863 464 2926 haec
480 2863 637 2938 ediderat,
655 2885 730 2926 cum
746 2865 864 2928 effusis
880 2865 1041 2928 imbribus
1057 2876 1131 2928 atra

301 2951 500 3044 Tempestas
517 2967 587 3028 sine
604 2987 695 3029 more
711 2968 800 3043 furit,
819 2969 1010 3051 tonitruque
1026 2963 1235 3034 tremescunt

214 3075 260 3141 695
301 3067 419 3129 Ardua
434 3077 595 3132 terrarum
612 3080 645 3132 et
661 3073 790 3152 campi;
806 3073 871 3136 ruit
886 3074 1020 3136 aethere
1036 3083 1107 3138 toto
1261 3145 1264 3152 ‚

300 3169 468 3234 Turbidus
484 3171 589 3235 imber
605 3194 692 3256 aqua
708 3176 886 3258 densisque
903 3178 1102 3258 nigerrimus
1119 3180 1260 3254 austris3

228 3327 230 3332 ,
302 3271 553 3357 implenturque
570 3298 670 3358 super
686 3301 836 3362 puppes;
862 3292 1009 3346 semusta
1025 3282 1225 3346 madescunt

304 3373 453 3453 Robora;
478 3382 654 3444 restinctus
675 3383 781 3447 donec
797 3405 902 3466 vapor
918 3385 1033 3460 omnis
1051 3395 1086 3448 et
1101 3406 1233 3462 omnes,

302 3476 468 3556 Quattuor
482 3485 620 3560 amissis,
638 3497 789 3551 servatae
805 3509 825 3573 a
841 3500 935 3570 peste
952 3489 1093 3554 carinae.

215 3599 262 3646 700
346 3580 394 3641 At
410 3594 503 3661 pater
520 3587 664 3662 Aeneas,
683 3610 761 3654 casu
773 3612 957 3656 concussus
973 3594 1104 3669 acerbo,

304 3681 402 3742 Nunc
419 3685 482 3746 huc
499 3687 660 3766 ingentes
678 3713 767 3756 nunc
783 3695 860 3757 illuc
878 3707 1011 3776 pectore
1028 3718 1127 3762 curas

305 3781 455 3846 Mutabat
471 3807 618 3864 versans,
636 3793 800 3858 Siculisne
820 3799 979 3863 resideret
998 3801 1094 3877 arvis
