2800 4286
195 333 256 379 222
551 322 709 374 VERGILI
737 321 935 374 AENEIDOS

192 513 242 575 480
281 503 383 578 GenS,
400 502 488 566 bello
504 503 684 584 praeclara,
702 502 789 583 iugis
805 501 925 564 insedit
944 491 1105 564 Etruscis.

282 607 380 670 Hanc
398 607 519 670 multos
536 606 708 669 florentem
725 627 831 669 annos
846 626 904 668 rex
919 606 1040 668 deinde
1057 606 1204 687 superbo

282 711 427 792 Imperio
443 722 476 774 et
492 710 600 774 saevis
616 713 722 773 tenuit
733 710 928 774 Mezentius
944 709 1053 772 armis.

280 815 370 898 Quid
386 835 567 878 memorem
583 815 739 878 infandas
756 816 886 890 caedes
903 814 981 897 quid
999 815 1091 878 facta
1107 815 1241 899 tyranni

280 921 418 983 Effera?
442 921 475 982 di
491 919 592 1002 capiti
608 920 712 1001 ipsius
727 919 909 1001 generique
925 920 1115 982 reservent!

190 1033 238 1099 485
282 1025 415 1087 Mortua
431 1024 509 1107 quin
527 1024 625 1088 etiam
643 1024 802 1105 iungebat
819 1045 959 1106 corpora
974 1023 1068 1100 viviS,

280 1129 493 1211 Componens
510 1129 728 1211 manibusque
745 1150 863 1191 manus
881 1138 980 1211 atque
997 1129 1110 1192 oribus
1128 1149 1197 1204 ora,

279 1235 451 1296 Tormenti
466 1254 583 1316 genus
601 1244 635 1296 et
651 1235 743 1297 sanie
760 1233 905 1316 taboque
922 1233 1063 1296 fluentes
1177 1275 1180 1280 -

279 1337 462 1419 Complexu
478 1339 513 1399 in
529 1339 649 1400 misero
665 1339 765 1420 longa
785 1338 830 1401 sic
848 1349 953 1401 morte
969 1338 1122 1410 necabat.

279 1442 327 1504 At
342 1442 423 1504 fessi
438 1443 573 1504 tandem
591 1444 679 1506 cives
695 1442 835 1505 infanda
850 1443 1017 1505 furentem

189 1569 239 1617 490
278 1546 410 1608 Armati
426 1545 673 1609 circumsistunt
688 1548 866 1628 ipsumque
882 1547 1094 1629 domumque,

279 1650 490 1714 Obtruncant
507 1651 623 1725 socios,
640 1651 752 1732 ignem
769 1652 812 1714 ad
828 1651 963 1733 fastigia
978 1651 1113 1715 iactant.

281 1755 340 1818 Ille
357 1754 441 1817 inter
458 1756 595 1818 caedem
615 1757 812 1819 Rutulorum
831 1757 966 1838 elapsus
982 1755 1016 1818 in
1033 1777 1135 1837 agros

280 1856 480 1940 Confugere,
499 1869 533 1922 et
549 1860 653 1922 Turni
670 1861 844 1923 defendier
861 1860 1002 1942 hospitis
1018 1862 1127 1924 armis.

324 1964 444 2044 “Ergo
460 1963 567 2026 omnis
584 1964 678 2026 furiis
695 1964 835 2026 surrexit
853 1963 984 2026 Etruria
1001 1963 1113 2041 iustis;

190 2088 238 2141 495
281 2067 410 2147 Regem
426 2067 468 2129 ad
485 2068 685 2150 supplicium
706 2070 875 2150 praesenti
892 2070 1002 2131 Marte
1019 2079 1209 2148 reposcunt.

280 2171 344 2234 His
360 2191 423 2252 ego
439 2181 481 2247 te,
500 2172 627 2247 Aenea,
645 2173 815 2235 ductorem
833 2172 964 2234 milibus
981 2173 1112 2235 addam.

278 2276 365 2338 Toto
380 2295 525 2358 namque
540 2277 690 2339 fremunt
705 2277 893 2340 condensae
910 2276 1004 2339 litore
1021 2298 1165 2359 puppes

279 2379 447 2461 Signaque
464 2381 552 2443 ferre
568 2381 700 2458 iubent;
724 2383 844 2444 retinet
861 2381 1044 2463 longaevus
1061 2381 1229 2462 haruspex

279 2484 363 2546 Fata
379 2504 524 2547 canans:
561 2485 607 2549 ‘O
626 2485 802 2548 Maeoniae
819 2486 947 2548 delecta
964 2486 1128 2561 iuventus

190 2609 239 2662 500
282 2589 360 2650 Flos
375 2598 524 2651 veterum
541 2589 712 2670 virtusque
727 2589 844 2664 virum,
862 2610 945 2671 quos
961 2589 1067 2652 iustus
1083 2589 1117 2651 in
1135 2590 1265 2652 hostem

279 2693 359 2755 Fert
375 2693 468 2755 dolor
484 2703 516 2754 et
533 2693 650 2756 merita
666 2694 818 2756 accendit
836 2693 1021 2756 Mezentius
1037 2693 1094 2769 ira,

280 2796 370 2858 Nulli
387 2797 439 2859 fas
458 2798 542 2859 Italo
558 2807 685 2860 tantam
702 2797 903 2879 subiungere
919 2808 1075 2879 gentem:

279 2901 442 2964 Externos
459 2910 572 2982 optate
589 2902 711 2965 duces’
769 2904 856 2964 Tum
876 2903 1018 2965 Etrusca
1033 2903 1158 2966 resedit

280 3005 356 3068 Hoc
372 3004 460 3068 acies
476 3026 604 3086 campo,
622 3006 755 3069 monitis
771 3007 926 3070 exterrita
943 3006 1063 3068 divum.

192 3131 237 3184 5ο5
280 3111 358 3190 Ipse
373 3119 520 3173 oratores
537 3111 579 3172 ad
596 3131 648 3172 me
665 3110 825 3193 regnique
842 3117 1014 3174 coronam

279 3214 363 3277 Cum
380 3223 512 3295 sceptro
530 3214 618 3277 misit
634 3215 836 3296 mandatque
853 3214 997 3296 insignia
1014 3215 1182 3290 Tarchon,

280 3318 464 3381 Succedam
481 3319 607 3394 castris,
625 3319 867 3402 Tyrrhenaque
885 3339 989 3400 regna
1005 3339 1190 3409 capessam.

279 3423 345 3486 Sed
363 3421 442 3484 mihi
458 3423 553 3485 tarda
570 3423 645 3504 gelu
663 3422 847 3505 saeclisque
863 3423 966 3486 effeta
982 3433 1138 3486 senectus

186 3543 189 3548 ·
280 3526 412 3590 Invidet
428 3525 602 3608 imperium
621 3547 781 3608 seraeque
797 3527 838 3589 ad
855 3527 955 3589 fortia
971 3527 1066 3590 vires.

192 3651 240 3703 510
280 3631 405 3692 Natum
421 3631 620 3706 exhortarer,
638 3631 673 3693 ni
689 3631 810 3694 mixtus
828 3641 933 3695 matre
950 3631 1084 3697 Sabella

280 3733 370 3796 Hine
387 3743 514 3813 partem
532 3735 658 3814 patriae
674 3736 830 3797 traheret.
877 3737 939 3810 Tu,
957 3737 1051 3798 cuius
1067 3746 1099 3798 et
1116 3737 1213 3800 annis

281 3836 325 3898 Et
341 3836 457 3916 generi
472 3836 543 3898 lata
559 3837 742 3918 indulgent,
761 3859 857 3920 quem
875 3839 1013 3902 numina
1029 3850 1182 3922 poscunt,
