2796 4282
487 279 601 333 LIBER
627 280 797 334 TERTIUS
1149 277 1188 353 85

210 459 342 541 “Quod
359 458 421 523 tibi
437 459 549 523 delato
566 460 744 545 Ortygiam
761 461 910 525 dicturus
926 461 1050 543 Apollo
1067 470 1125 536 est,

84 589 93 622 ι
103 589 132 641 55
173 563 235 627 Hic
251 563 354 639 canit,
371 573 407 627 et
424 573 483 627 tua
499 584 618 628 nosen
634 565 720 628 ultro
737 565 779 628 ad
796 565 909 628 limina
926 565 1034 629 mittit.

172 669 240 732 Nos
256 677 300 744 te,
321 668 498 732 Dardania
514 670 658 744 incensa,
677 680 801 752 tuaque
818 690 910 733 arma
926 672 1040 746 secuti,

171 773 241 836 Nos
256 773 425 836 tumidum
443 772 505 836 sub
521 783 554 836 te
571 775 739 855 permensi
755 774 916 838 classibus
932 794 1065 858 aequor,

172 877 264 941 Idem
280 887 443 941 venturos
461 878 613 940 tollemus
629 877 664 940 in
680 887 770 942 astra
786 887 935 960 nepotes,

173 981 424 1065 Imperiumque
441 981 514 1045 urbi
530 980 692 1046 dabimus.
740 982 793 1045 Tu
809 983 940 1046 moenia
957 986 1086 1064 magnis

87 1098 134 1148 160
172 1087 299 1168 Magna
316 1107 410 1169 para,
429 1087 634 1169 longumque
653 1087 754 1168 fugae
770 1107 812 1150 ne
829 1087 941 1171 linque
958 1088 1114 1152 laborem.

173 1191 357 1255 Mutandae
375 1192 481 1256 sedes.
533 1192 610 1254 Non
629 1192 710 1255 haec
726 1192 785 1256 tibi
802 1192 898 1256 litora
914 1192 1018 1256 suasit

174 1296 290 1359 Delius
306 1305 365 1360 aut
382 1297 503 1361 Cretae
520 1296 616 1360 iussit
632 1296 805 1360 considere
822 1297 954 1379 Apollo.

173 1400 234 1462 Est
250 1401 352 1476 locus
373 1401 575 1482 Hesperiam
594 1401 674 1466 Grai
690 1401 888 1483 cognomine
904 1402 1027 1478 dicunt,

172 1505 276 1568 Terra
292 1506 441 1588 antiqua,
459 1515 579 1587 potens
596 1505 697 1570 armis
713 1516 813 1589 atque
829 1506 931 1570 ubere
946 1505 1103 1589 glaebae3

89 1621 132 1688 165
172 1609 312 1673 Oenotri
329 1610 462 1674 coluere
478 1609 558 1686 viri;
584 1631 672 1674 nunc
689 1610 781 1673 fama
796 1612 941 1674 minores

173 1713 305 1776 Italiam
321 1713 444 1777 dixisse
461 1713 555 1777 ducis
571 1714 613 1778 de
630 1715 764 1778 nomine
781 1725 937 1796 gentem:

173 1817 249 1881 Hae
266 1817 363 1881 nobis
380 1818 536 1901 propriae
552 1819 668 1894 sedes;
693 1819 770 1882 hinc
788 1821 967 1883 Dardanus
983 1828 1082 1896 ortus,

174 1921 350 2006 Iasiusque
366 1931 472 2004 pater,
491 1943 598 2004 genus
615 1943 634 1986 a
650 1944 716 2006 quo
734 1923 884 2005 principe
901 1933 1060 1987 nostrum.

173 2026 282 2108 Surge
298 2046 371 2108 age,
389 2035 424 2090 et
439 2027 522 2090 haec
540 2027 647 2091 laetus
664 2029 826 2109 longaevo
843 2028 932 2091 dicta
948 2027 1077 2109 parenti

89 2157 132 2206 170
174 2131 277 2194 Haud
294 2130 479 2195 dubitanda
497 2132 602 2209 reler;
629 2133 813 2216 Corythum
830 2143 1001 2214 terrasque
1018 2131 1163 2214 requirat

171 2235 352 2299 Ausonias.
404 2235 544 2299 Dictaea
561 2247 664 2318 negat
680 2237 740 2299 tibi
758 2237 909 2319 luppiter
925 2236 1034 2300 arva.’'

216 2339 356 2403 Talibus
373 2341 534 2404 attonitus
552 2340 631 2404 visis
648 2351 681 2404 et
697 2361 780 2404 voce
796 2341 933 2404 deorum
943 2377 987 2388 -

131 2511 134 2516 ,
173 2445 246 2508 Nec
263 2464 366 2526 sopor
381 2444 462 2507 illud
480 2454 560 2520 erat,
580 2445 637 2509 sed
656 2465 766 2508 coram
784 2446 990 2526 adgnoscere
1006 2446 1116 2508 vultus

170 2549 377 2630 Velatasque
393 2567 506 2612 comas
525 2549 781 2632 praesentiaque
797 2570 855 2612 ora
871 2549 1024 2624 videbar;

87 2677 129 2732 ¹7⁵
172 2654 260 2715 Turn
276 2652 408 2734 gelidus
424 2661 494 2716 toto
513 2653 670 2717 manabat
686 2673 825 2735 corpore
835 2653 994 2716 sudor-

171 2755 325 2838 Corripio
340 2776 360 2820 e
376 2755 488 2820 stratis
505 2777 635 2839 corpus,
654 2758 822 2841 tendoque
838 2756 975 2839 supinas

170 2860 228 2924 Ad
244 2860 375 2924 caelum
391 2881 467 2924 cum
484 2881 566 2925 voce
583 2882 711 2938 manus,
730 2871 764 2925 et
780 2881 918 2924 munera
935 2860 1000 2926 libo

173 2966 377 3028 intemerata
393 2964 487 3029 focis.
539 2966 692 3030 Perfecto
709 2967 817 3029 laetus
834 2967 958 3028 honore

172 3069 345 3132 Anchisen
363 3069 451 3134 facio
468 3080 605 3147 certum,
625 3090 760 3154 remque
777 3069 893 3134 ordine
910 3069 1030 3152 pando.

86 3186 129 3236 180
172 3173 346 3255 Adgnovit
365 3175 493 3256 prolem
512 3175 703 3258 ambiguam
723 3175 940 3256 geminosque
957 3183 1120 3256 parentes,

172 3278 285 3359 Seque
301 3297 388 3342 novo
405 3289 554 3344 veterum
573 3280 751 3361 deceptum
768 3299 878 3342 errore
894 3278 1049 3342 locorum.

170 3383 259 3445 Turn
275 3393 457 3447 memorat:
484 3390 501 3416 “
515 3385 612 3461 Nate,
633 3384 743 3448 iliacis
762 3382 904 3447 exercite
921 3383 1007 3458 fatis,

172 3487 252 3551 Sola
266 3487 349 3550 mihi
366 3487 449 3552 tales
464 3508 562 3552 casus
579 3489 769 3553 Cassandra
786 3487 937 3552 canebat.

173 3591 273 3655 Nunc
291 3602 408 3673 repeto
425 3594 507 3657 haec
523 3595 638 3675 generi
656 3592 856 3674 portendere
873 3591 986 3655 debita
1002 3599 1124 3665 nostro,

88 3709 130 3776 185
173 3696 217 3759 Et
235 3716 336 3777 saepe
354 3697 565 3778 Hesperiam,
583 3717 685 3778 saepe
703 3697 789 3760 Itala
806 3715 910 3776 regna
926 3715 1054 3758 vocare.

174 3800 242 3866 Sed
259 3787 333 3884 quis
350 3800 391 3864 ad
411 3800 598 3883 Hesperiae
613 3809 773 3864 venturos
790 3800 886 3862 litora
902 3801 1050 3862 Teucros
