2800 4286
198 288 263 368 246
555 293 713 346 veneni
740 293 938 346 nanarnos

286 474 373 538 Saxa
389 492 522 556 quoque
539 473 663 536 infesto
679 473 859 536 volvebant
875 473 1031 555 pondere,
1050 473 1078 535 si
1095 493 1161 555 qua

287 580 427 642 Possent
442 586 565 642 tectam
582 579 686 640 aciem
704 597 937 658 perrumpere;
962 597 1037 640 cum
1057 587 1171 640 tamen
1184 597 1303 641 omnes

285 683 386 747 Ferre
402 684 493 745 iuvat
509 683 623 745 subter
639 681 744 744 densa
759 680 927 744 testudine
943 701 1049 744 casus.

198 812 243 865 5¹5
287 788 359 850 Nec
376 786 441 849 iam
460 785 635 850 sufficiunt.
685 787 774 848 Nam
789 806 856 867 qua
872 785 992 867 globus
1007 785 1160 849 imminet
1170 785 1299 867 ingens,

287 893 472 955 immanem
489 890 611 954 Teucri
628 891 749 953 molem
766 890 970 971 volvuntque
989 901 1168 971 ruuntque,

284 997 381 1079 Quae
398 997 514 1058 stravit
531 996 674 1058 Rutulos
689 996 765 1070 late,
783 1015 1015 1076 armorumque
1033 994 1170 1058 resolvit

284 1100 457 1182 Tegmina.
507 1101 579 1163 Nec
596 1108 714 1162 curant
729 1119 829 1162 caeco
845 1099 1046 1162 contendere
1065 1099 1177 1162 Marte

284 1205 441 1286 Amplius
457 1205 602 1267 audaces
621 1203 745 1279 Rutuli,
763 1203 822 1266 sed
839 1203 963 1285 pellere
978 1203 1066 1266 vallo

197 1331 245 1384 520
286 1309 469 1372 Missilibus
485 1318 623 1372 certant.

285 1415 382 1477 Parte
399 1413 464 1476 alia
480 1413 668 1476 horrendus
683 1413 757 1475 visu
774 1411 954 1495 quassabat
971 1412 1148 1474 Etruscam

285 1520 402 1582 Pinum
419 1527 452 1580 et
468 1518 644 1580 fumiferos
659 1518 761 1579 infert
780 1517 968 1579 Mezentius
985 1516 1100 1596 ignes;

283 1624 332 1686 At
350 1624 529 1703 Messapus
546 1641 669 1703 equum
686 1621 837 1696 domitor,
858 1621 1029 1702 Neptunia
1046 1621 1169 1702 proleS,

286 1726 457 1790 Rescindit
472 1727 596 1788 vallum
613 1736 646 1788 et
663 1725 770 1788 scalas
785 1725 818 1787 in
835 1724 966 1788 moenia
983 1725 1098 1806 poscit.

196 1958 242 2011 525
327 1936 407 2010 Vos,
425 1955 445 1997 o
461 1934 619 2016 Calliope,
637 1955 763 2016 precor,
782 1934 950 2015 adspirate
966 1934 1106 2009 canenti,

284 2040 376 2122 Quas
393 2039 439 2100 ibi
454 2048 523 2100 tum
539 2039 629 2102 ferro
646 2049 785 2119 strages,
803 2058 889 2120 quae
905 2038 1024 2100 funera
1041 2038 1178 2100 Turnus

285 2143 443 2219 Ediderit,
462 2163 561 2224 quem
578 2144 718 2225 quisque
734 2143 841 2205 virum
857 2141 1027 2206 demiserit
1043 2141 1152 2218 Orco;

285 2247 328 2309 Et
344 2267 473 2310 mecum
490 2247 645 2327 ingentes
661 2267 737 2309 oras
753 2246 895 2309 evolvite
911 2245 997 2309 belli.

286 2347 349 2434 [Et
365 2351 561 2413 meministis
577 2350 674 2425 enim,
693 2351 797 2425 divae,
815 2358 849 2413 et
865 2369 1049 2412 memorare
1066 2348 1237 2434 potestis]

196 2582 244 2634 530
327 2560 442 2621 Turris
459 2567 530 2622 erat
545 2569 640 2622 vasto
657 2568 815 2640 suspectu
832 2568 865 2621 et
881 2558 1039 2640 pontibus
1055 2559 1139 2635 altis,

284 2663 484 2744 Opportuna
501 2663 582 2738 locu,
601 2663 737 2725 summis
754 2683 852 2744 quam
870 2661 994 2725 viribus
1010 2682 1127 2726 omnes

284 2768 487 2849 Expugnare
505 2767 582 2829 Itali
598 2787 794 2850 summaque
810 2776 959 2830 evertere
976 2787 1076 2848 opum
1092 2767 1126 2830 vi

283 2870 483 2947 Certabant;
508 2871 614 2933 Troes
631 2881 747 2934 contra
763 2871 945 2934 defendere
962 2870 1049 2934 saxis

284 2975 411 3057 Perque
428 2995 527 3037 cavas
544 2974 640 3038 densi
656 2976 722 3037 tela
737 2975 928 3057 intorquere
945 2976 1119 3038 fenestras.

196 3102 241 3154 535
285 3079 442 3160 Princeps
459 3079 631 3142 ardentem
648 3079 788 3142 coniecit
806 3079 962 3161 lampada
978 3079 1121 3155 Turnus

284 3184 327 3245 Et
343 3183 511 3246 flammam
528 3184 641 3246 adfixit
657 3184 771 3260 lateri;
796 3204 882 3266 quae
899 3183 1042 3266 plurima
1057 3194 1158 3247 vento

283 3287 450 3369 Corripuit
465 3288 597 3351 tabulas
613 3299 646 3352 et
664 3289 814 3371 postibus
832 3287 939 3351 haesit
958 3288 1076 3350 adesis.

282 3391 421 3454 Turbati
436 3392 603 3474 trepidare
620 3393 717 3469 intus,
735 3395 926 3475 frustraque
943 3392 1104 3454 malorum

282 3496 377 3559 Velle
394 3497 520 3578 fugam.
570 3498 660 3560 Dum
678 3517 713 3560 se
730 3499 925 3578 glomerant,
944 3507 1099 3578 retroque
1114 3497 1264 3560 residunt

197 3621 245 3674 540
285 3600 325 3661 In
342 3610 480 3680 partem,
499 3621 584 3682 quae
601 3610 696 3682 peste
713 3611 812 3677 caret,
830 3611 901 3664 tum
918 3601 1065 3682 pondere
1076 3602 1181 3684 ¹turris

173 3687 175 3691 ⁷
285 3703 461 3765 Procubuit
478 3704 595 3778 subito,
615 3714 647 3766 et
664 3705 793 3766 caelum
810 3714 903 3768 tonat
919 3724 1017 3767 omne
1035 3706 1178 3785 fragore.
1213 3751 1217 3756 -
1269 3771 1271 3778 ,

286 3805 475 3868 Semineces
492 3807 534 3868 ad
551 3817 681 3882 terram,
698 3807 835 3870 immani
852 3809 937 3871 mole
954 3818 1076 3884 secuta,
