2816 4282
190 319 254 398 296
548 323 706 377 veneni
733 323 931 382 Aruernos
1024 278 1027 295 ¹

279 503 421 566 Proinde
437 512 516 566 tona
532 501 855 585 eloquio—-solitum
874 502 985 566 tibi-
996 524 1116 587 meque
1131 504 1258 568 timoris

278 606 394 688 Argue
412 617 456 682 tu,
477 607 618 682 Drance,
637 607 770 688 quando
786 616 835 670 tot
852 608 972 689 stragis
989 629 1126 672 acervos

189 720 236 786 385
277 713 481 774 Teucrorum
498 721 556 773 tua
571 711 687 773 dextra
703 710 803 786 dedit,
821 711 1011 793 passimque
1024 712 1172 794 tropaeis

279 815 426 895 Insignis
441 833 550 895 agros
598 815 705 877 Possit
721 813 800 896 quid
816 815 926 877 vivida
941 817 1054 891 virtus,

278 918 457 1000 Experiare
474 918 565 993 licet;
590 938 652 981 nec
669 918 769 999 longe
785 919 908 982 scilicet
926 920 1038 982 hostes

276 1022 468 1104 Quaerendi
484 1021 599 1099 nobis;
624 1023 839 1087 circumstant
855 1023 1000 1106 undique
1017 1045 1139 1088 muros.

277 1127 369 1190 Imus
385 1127 417 1188 in
435 1128 613 1190 adversos:
638 1128 717 1210 quid
734 1129 870 1191 cessas?
894 1149 935 1190 an
952 1128 1010 1191 tibi
1029 1131 1168 1192 Mavors

188 1253 237 1303 390
276 1232 426 1294 Ventosa
442 1231 475 1294 in
492 1232 605 1313 lingua
622 1232 828 1314 pedibusque
845 1231 1021 1314 fugacibus
1037 1232 1110 1295 istis

277 1335 417 1416 Semper
433 1336 516 1398 erit?

277 1439 395 1502 Pulsus
411 1440 498 1520 ego?
521 1450 578 1503 aut
595 1443 770 1524 quisquam
788 1441 914 1515 merito,
933 1441 1133 1518 foedissime,
1149 1441 1281 1524 pulsum

276 1543 416 1624 Arguet,
436 1544 537 1606 Iliaco
554 1545 718 1607 tumidum
735 1545 791 1626 qui
806 1563 955 1608 crescere
971 1545 1136 1628 Thybrim

276 1647 447 1728 Sanguine
462 1655 495 1710 et
512 1648 661 1710 Euandri
678 1658 780 1712 totam
794 1669 870 1711 cum
887 1649 990 1730 stirpe
1005 1648 1131 1712 videbit

277 1750 493 1814 Procubuisse
510 1752 654 1828 domum,
674 1761 774 1834 atque
791 1762 906 1816 exutos
923 1753 1075 1816 Arcadas
1092 1755 1218 1817 armis?

275 1854 377 1917 Haud
394 1855 439 1917 ita
455 1875 507 1918 me
523 1858 650 1937 experti
669 1856 771 1919 Bitias
788 1866 821 1919 et
839 1857 1009 1919 Pandarus
1022 1857 1152 1939 ingens,

276 1959 319 2020 Et
335 1978 418 2040 quos
434 1959 522 2022 mille
538 1959 591 2022 die
607 1960 712 2023 victor
728 1961 790 2023 sub
807 1963 947 2024 Tartara
963 1961 1036 2024 misi

274 2062 426 2125 Inclusus
442 2062 545 2126 muris
561 2064 737 2147 hostilique
755 2085 878 2146 aggere
895 2074 1039 2147 saeptus.

318 2169 334 2196 “
347 2171 354 2196 ‘
367 2166 466 2228 Nulla
484 2168 573 2230 salus
588 2167 711 2230 bello’.
744 2168 854 2250 Capiti
871 2189 952 2232 cane
969 2169 1055 2244 talia,
1074 2170 1226 2247 demens,

275 2269 445 2332 Dardanio
462 2269 626 2352 rebusque
642 2271 717 2334 tuis.
766 2272 907 2335 Proinde
924 2257 1034 2335 omnia
1051 2293 1177 2356 magno

273 2374 325 2435 Ne
342 2393 435 2436 cessa
451 2375 584 2438 turbare
601 2384 700 2450 metu,
719 2385 818 2458 atque
835 2377 990 2440 extollere
1006 2377 1093 2440 vires

271 2477 387 2540 Gentis
404 2477 454 2540 bis
470 2477 584 2553 victae,
603 2488 719 2541 contra
736 2499 886 2560 premere
903 2500 995 2542 arma
1015 2481 1134 2544 Latini.
1404 2541 1405 2554 ,

273 2581 373 2644 Nunc
397 2590 430 2643 et
448 2582 698 2664 Myrmidonum
722 2603 876 2664 proceres
897 2584 1043 2669 Phrygia
1069 2596 1292 2650 armatreme·
1404 2624 1405 2640 κ

358 2694 464 2758 scunt,

271 2789 370 2850 Nunc
387 2798 419 2851 et
436 2789 584 2872 Tydides
602 2799 635 2852 et
654 2790 832 2854 Larisaeus
850 2791 1010 2866 Achilles,

181 2913 228 2966 405
271 2891 392 2954 Amnis
408 2902 441 2956 et
461 2893 646 2957 Hadriacas
668 2904 756 2957 retro
773 2895 860 2976 fugit
879 2895 1022 2958 Aufidus
1038 2896 1155 2960 undas
1229 2923 1238 2938 ·

267 2995 330 3058 Vel
344 3015 418 3058 cum
437 3015 473 3058 se
489 2996 646 3077 pavidum
663 3007 778 3060 contra
795 3017 869 3060 mea
884 2999 991 3080 iurgia
1008 3001 1103 3081 fingit

269 3097 417 3162 Artificis
434 3099 550 3174 scelus,
569 3110 601 3163 et
618 3101 795 3164 formidine
812 3101 936 3165 crimen
954 3103 1096 3167 acerbat.

270 3203 461 3284 Numquam
492 3203 637 3265 animam
669 3205 768 3267 talem
797 3204 913 3267 dextra
944 3197 1197 3271 hac-absiste
1225 3229 1291 3274 mo·
1404 3185 1405 3231 ἶ

354 3307 473 3370 veri-

267 3409 431 3487 Amittes;
457 3409 581 3473 habitet
599 3420 718 3488 tecum,
736 3422 769 3475 et
786 3413 827 3475 sit
844 3423 979 3495 pectore
995 3415 1028 3476 in
1045 3414 1116 3478 isto.
1229 3463 1234 3470 -

312 3519 330 3545 “
343 3515 442 3577 Nunc
459 3515 501 3576 ad
517 3523 559 3589 te,
578 3524 611 3578 et
626 3524 683 3577 tua
696 3535 828 3597 magna,
844 3526 946 3598 pater,
961 3519 1113 3582 consulta
1128 3530 1289 3584 revertor.
1404 3560 1405 3576 i

268 3616 303 3679 Si
319 3617 443 3680 nullam
461 3618 582 3680 nostris
599 3619 685 3680 ultra
702 3639 795 3700 spem
813 3621 909 3700 ponis
924 3623 958 3683 in
975 3623 1085 3697 armis,

267 3717 301 3782 Si
317 3728 384 3780 tam
401 3720 523 3783 deserti
542 3738 665 3795 sumus
683 3731 717 3784 et
733 3725 834 3786 semel
853 3725 986 3804 agmine
1002 3745 1100 3788 verso

267 3819 432 3884 Funditus
448 3822 637 3898 occidimus,
655 3844 763 3907 neque
781 3825 881 3889 habet
900 3829 1049 3891 Fortuna
1065 3849 1271 3912 regressum,
