2796 4282
484 281 599 338 LIBER
625 281 774 339 SEXTUS

162 463 248 526 Ense
264 464 351 538 ierit,
369 463 586 546 sterilemque
602 465 670 540 tibi,
690 467 896 548 Proserpina,
913 489 1058 532 vaccam.

160 568 243 630 Tum
262 567 383 651 Stygio
400 569 473 649 regi
490 578 670 631 nocturnas
687 569 822 634 incohat
839 591 922 646 aras,

161 673 203 734 Et
217 671 324 735 solida
340 670 486 753 imponit
503 681 671 736 taurorum
687 673 816 738 viscera
832 674 983 752 flammis,

160 777 283 856 Pingue
300 796 404 857 super
421 775 531 840 oleum
547 777 728 841 iniundens
744 779 939 843 ardentibus
955 782 1046 844 extis.

76 899 120 951 255
160 881 244 944 Ecce
262 891 387 958 autern,
405 881 506 964 primi
521 881 582 946 sub
599 882 724 946 lumina
741 883 819 946 solis
835 893 869 948 et
884 895 976 948 ortus

158 985 225 1049 Sub
242 985 387 1067 pedibus
404 987 534 1066 mugire
550 987 666 1063 solum,
684 997 717 1050 et
732 989 811 1068 iuga
827 999 946 1072 coepta
963 991 1088 1054 moveri

158 1089 331 1166 Silvarum,
349 1089 511 1172 visaeque
526 1111 626 1154 canes
642 1092 770 1155 ululare
786 1112 846 1175 per
862 1093 1023 1168 umbram,

157 1193 376 1258 Adventante
392 1194 465 1256 dea.
514 1195 660 1259 “Procul
675 1217 706 1270 o,
724 1179 838 1278 procul
854 1206 933 1270 este,
952 1198 1114 1279 profani,’'

157 1298 354 1362 Conclamat
369 1309 474 1374 vates,
494 1303 658 1381 “totoque
673 1299 822 1363 absistite
839 1300 932 1377 luco;

79 1414 120 1462 260
153 1403 272 1484 Tuque
288 1403 412 1464 invade
428 1402 525 1478 viam,
543 1404 732 1486 vaginaque
749 1404 840 1486 eripe
856 1405 1001 1480 ferrum;

158 1506 254 1570 Nunc
271 1505 392 1568 animis
409 1527 504 1586 opuS,
521 1507 650 1582 Aenea,
668 1529 756 1571 nunc
775 1518 908 1590 pectore
924 1508 1049 1574 firmo.'’

155 1609 302 1673 Tantum
318 1611 435 1684 effata,
453 1609 567 1674 furens
583 1621 732 1674 antrose
748 1612 883 1676 immisit
899 1623 1033 1695 aperto;

157 1713 217 1775 Ille
234 1713 355 1776 ducem
372 1714 463 1776 haud
479 1704 603 1780 timidis
618 1716 796 1778 vadentem
814 1716 967 1798 passibus
984 1729 1113 1800 aequat.

200 1921 254 1998 Di,
287 1923 410 2004 quibus
440 1922 614 2005 imperium
648 1934 698 1988 est
732 1925 926 2000 animarum,
944 1927 1173 2008 ,Umbraeque

241 2026 388 2101 silentes

81 2139 120 2202 ²⁶5
158 2130 199 2192 Et
215 2130 338 2205 Chaos
356 2139 390 2192 et
407 2129 625 2211 Phlegethon,
644 2131 716 2194 loca
732 2143 829 2197 nocte
846 2134 990 2198 tacentia
1006 2134 1080 2208 late,
1222 2125 1224 2132 ’

158 2233 206 2296 Sit
220 2233 302 2296 mihi
319 2232 373 2296 ias
389 2234 502 2297 audita
518 2235 627 2317 loqui;
652 2236 695 2298 sit
711 2236 849 2298 numine
863 2247 974 2300 vestro
1105 2225 1107 2230 ¹

159 2338 305 2400 Pandere
323 2357 377 2400 res
393 2338 459 2400 alta
475 2348 563 2401 terra
579 2348 613 2402 et
628 2340 771 2420 caligine
789 2359 924 2404 mersas.

199 2441 300 2504 ibant
317 2440 448 2504 obscuri
466 2443 536 2506 sola
552 2443 614 2506 sub
631 2452 728 2506 nocte
745 2464 804 2524 per
821 2444 981 2522 umbram,

156 2546 283 2628 Perque
300 2545 417 2608 domos
435 2545 524 2609 Ditis
539 2566 662 2610 vacuas
678 2557 711 2610 et
727 2547 839 2610 inania
855 2569 977 2629 regna:

80 2673 118 2719 270
154 2649 259 2730 Quale
277 2669 339 2731 per
354 2647 515 2712 incertam
532 2650 646 2712 lunam
664 2651 726 2714 sub
744 2653 816 2716 luce
834 2653 978 2734 maligna

156 2752 216 2816 Est
232 2753 296 2816 iter
311 2752 345 2816 in
363 2753 462 2828 silvis,
481 2753 537 2816 ubi
554 2755 681 2818 caelum
699 2756 847 2819 condidit
863 2756 979 2818 umbra

156 2857 317 2939 Iuppiter,
335 2865 369 2920 et
384 2857 565 2922 rebus‘nox
581 2858 717 2922 abstulit
732 2869 804 2922 atra
820 2861 972 2922 colorem.

154 2961 460 3040 Vestibulum-ante
476 2963 585 3043 ipsum
604 2963 785 3046 primisque
801 2963 833 3026 in
851 2963 1004 3026 faucibus
1022 2965 1102 3028 Orci

156 3065 282 3128 Luctus
298 3074 332 3127 et
347 3065 481 3130 ultrices
498 3087 639 3148 posuere
656 3067 777 3130 cubilia
794 3067 902 3130 Curae
916 3088 923 3142 ;

79 3190 116 3241 ²75
155 3169 388 3251 Pallentesque
404 3170 557 3234 habitant
575 3171 694 3246 Morbi,
712 3171 880 3254 tristisque
898 3173 1070 3249 Senectus

155 3273 197 3335 Et
215 3273 338 3347 Metus
356 3283 389 3336 et
406 3275 597 3339 malesuada
616 3275 747 3352 Fames
765 3297 802 3339 ac
819 3276 926 3357 turpis
944 3277 1095 3356 Egestae,

154 3377 333 3440 Terribiles
350 3379 423 3441 visu
439 3366 576 3455 formae,
595 3381 790 3462 Letumque,
806 3381 1001 3462 Labosque,

154 3481 239 3544 Tum
256 3483 526 3564 consanguineus
545 3485 620 3548 Leti
638 3485 755 3566 Sopor,
771 3494 805 3548 et
822 3485 907 3549 mala
925 3484 1045 3548 mentis

154 3585 292 3664 Gaudia,
309 3587 582 3670 mortiferumque
599 3589 738 3652 adverso
755 3588 788 3650 in
805 3589 916 3651 limine
935 3589 1074 3663 Bellum,

82 3698 119 3747 280
152 3690 333 3772 Ferreique
350 3691 572 3756 Eumenidum
590 3693 737 3768 thalami,
755 3703 788 3756 et
807 3692 982 3756 Discordia
998 3693 1145 3765 demens,

153 3795 336 3875 Vipereum
353 3795 478 3858 crinem
496 3797 587 3860 vittis
604 3796 724 3858 innexa
741 3796 894 3858 cruentis.

229 3905 349 3952 rmaza‘s
366 3917 508 3953 nsusrn-
518 3918 544 3953 11
