2822 4294
505 318 619 370 LIBER
644 317 790 370 PRIMUS

88 527 113 579 55
166 500 220 562 Illi
236 499 465 580 indignantes
482 502 604 578 megnr‘)
619 515 694 560 cum
713 516 881 560 murmure
897 495 1019 560 montis

167 605 306 670 Circum
325 603 477 665 claustra
493 601 658 677 fremunt;
684 601 773 666 celse
790 602 883 664 sedet
900 602 1028 664 Aeolus
1046 621 1121 664 arce

168 709 315 789 Sceptra
333 712 467 780 tenens,
487 705 656 786 mollitque
673 705 801 767 animes
818 715 851 768 et
869 715 1033 786 temperat
1049 714 1122 770 ires.

168 813 215 876 Ni
233 813 349 885 iaciat,
369 811 477 872 maria
493 830 531 871 ac
547 817 651 872 terres
668 810 863 891 caelumque
881 810 1084 891 profundum

169 917 309 1000 Quippe
327 916 445 978 lerant
461 913 568 994 rapidi
584 920 696 975 secum
714 924 913 995 verrantque
931 936 990 996 per
1006 922 1112 978 aures.

170 1021 236 1088 Sed
254 1030 355 1103 pater
372 1017 588 1098 omnipotens
606 1018 773 1098 speluncis
792 1016 918 1082 abdidit
934 1027 1021 1096 etris,

170 1127 246 1190 Hbc
263 1131 436 1198 metuens
455 1124 641 1204 molemque
658 1132 691 1185 et
709 1130 837 1184 montes
854 1133 992 1204 insuper
1007 1125 1090 1187 altes

169 1230 350 1312 Imposuit,
372 1236 554 1309 regemque
571 1225 671 1301 dedit,
690 1236 746 1308 qui
765 1227 899 1290 loedere
916 1236 1007 1290 certo

171 1335 213 1398 Et
229 1353 392 1416 premere
409 1341 442 1394 et
458 1333 549 1393 laxes
567 1340 665 1395 sciret
683 1330 762 1393 dare
781 1332 889 1394 iussus
907 1332 1063 1396 habenis.

170 1439 225 1503 Ad
242 1459 348 1520 quem
367 1447 439 1500 tum
458 1438 544 1498 lime
560 1437 701 1516 supplex
719 1437 769 1498 his
786 1436 923 1499 vecibus
940 1445 1000 1499 usa
1016 1447 1066 1500 est
1079 1457 1094 1497 ε·

214 1549 232 1576 “
244 1544 368 1617 Aeole,
383 1560 527 1621 namque
541 1541 600 1602 tibi
612 1541 724 1602 divum
740 1550 835 1621 pater
846 1551 945 1623 atque
959 1541 1128 1604 hominum
1144 1549 1198 1603 rex

174 1649 218 1711 Et
232 1649 385 1710 mulcere
403 1646 495 1708 dedit
513 1645 632 1707 fluctus
650 1655 684 1707 et
701 1645 816 1708 tollere
835 1654 942 1720 vente,

173 1753 265 1816 Gens
282 1751 421 1814 inimica
437 1750 518 1811 mihi
534 1750 747 1832 Tyrrhenum
767 1750 903 1830 nevigat
919 1770 1052 1831 aequor,

173 1843 273 1919 llium
290 1857 327 1918 in
346 1839 480 1916 ltaliam
498 1860 634 1933 porteris
650 1853 820 1934 victosque
840 1855 999 1916 Penetes:
1156 1833 1161 1840 ’

175 1963 294 2024 Incute
312 1959 382 2021 vim
398 1967 507 2020 ventis
524 1965 792 2038 summersesque
809 1958 911 2020 obrue
929 1965 1068 2040 puppes,

173 2067 246 2128 Aut
262 2084 328 2146 age
346 2063 495 2125 diverses
512 2072 546 2124 et
561 2063 662 2124 disice
679 2082 821 2143 corpora
839 2069 949 2143 ponte.

175 2170 262 2234 Sunt
279 2167 364 2231 mihi
379 2166 431 2229 bis
448 2177 575 2248 septem
594 2176 777 2248 praestanti
795 2187 934 2247 corpore
954 2167 1143 2251 Nymphae,

175 2274 331 2356 Querum
349 2291 434 2354 quae
451 2271 558 2333 ferme
576 2270 800 2353 pulcherrima
820 2271 979 2352 Deiopea,

176 2377 334 2442 Cenubio
351 2376 487 2457 iungam
506 2375 615 2438 stabili
633 2375 867 2457 propriamque
886 2376 1012 2448 diceus),

176 2483 309 2546 Omnes
326 2491 363 2542 ut
379 2486 488 2542 tecum
506 2481 630 2542 meritis
649 2487 709 2560 pre
726 2479 848 2541 telibus
865 2488 971 2542 annes

176 2587 302 2667 Exigat
317 2593 351 2648 et
368 2585 507 2665 pulchre
524 2583 626 2647 iaciat
643 2591 675 2646 te
693 2583 785 2664 prele
804 2586 1008 2664 parentem.”

222 2690 354 2752 Aeolus
370 2689 453 2751 haec
470 2695 603 2750 contre:
631 2693 648 2719 “
660 2689 762 2764 Tuus,
781 2697 801 2750 6
820 2695 944 2768 regina,
963 2690 1040 2770 quid
1053 2697 1162 2771 optes,

178 2795 365 2875 Explerere
383 2791 476 2855 labor
486 2814 494 2870 ;
520 2792 599 2854 mihi
617 2793 706 2855 iussa
723 2812 899 2874 capessere
916 2793 969 2856 fes
985 2803 1045 2856 est.
1204 2873 1205 2876 Ἴ

177 2900 231 2961 Tu
250 2897 340 2972 mihi,
359 2897 592 2979 quodcumque
610 2897 672 2958 hec
689 2904 791 2977 regni,
812 2904 847 2975 tir
866 2905 998 2978 sceptra
1020 2898 1201 2980 Iovemque

180 3003 358 3077 concilias,
377 3009 411 3064 tir
430 3002 490 3064 des
506 3004 613 3082 epulis
630 3002 827 3064 accumbere
844 3002 966 3077 divum,

180 3106 447 3188 Nimberumque
465 3107 548 3170 facis
564 3114 869 3188 tempestatumque
887 3109 1089 3186 potentem.''

226 3213 322 3274 Haec
340 3211 396 3274 ubi
412 3213 507 3288 dicta,
527 3233 644 3276 cavum
662 3221 822 3276 converse
840 3213 978 3293 cuspide
995 3223 1141 3274 montem

183 3315 322 3399 Impulit
338 3317 371 3379 in
389 3319 492 3395 latus;
518 3339 556 3382 ac
572 3329 672 3395 venti,
690 3320 779 3382 velut
796 3319 930 3400 figmine
947 3317 1045 3390 lacte,

182 3422 258 3505 Qui
275 3423 354 3485 data
370 3433 475 3504 porta,
494 3435 593 3488 ruunt
609 3434 643 3488 et
658 3432 763 3487 terres
780 3423 912 3486 turbine
930 3421 1081 3502 perflant.

182 3529 369 3591 Incubuere
387 3541 477 3605 mari,
496 3539 669 3611 tritumque
686 3537 705 3591 e
722 3529 856 3592 sedibus
872 3537 946 3590 imis

181 3618 260 3697 Une
280 3634 456 3716 Eurusque
476 3636 651 3716 Notusque
668 3643 767 3696 ruunt
785 3634 965 3714 creberque
983 3629 1136 3712 procellis

182 3723 330 3814 Africus,
349 3749 382 3802 et
398 3747 510 3803 vestes
526 3740 664 3802 volvunt
682 3738 722 3799 ad
741 3739 834 3799 litora
852 3736 980 3798 fluctirs,

181 3829 377 3924 insequitur
393 3844 585 3924 clemorque
601 3841 708 3904 virum
727 3839 912 3920 stridorque
930 3838 1115 3899 rudentum.

272 3955 388 4001 rmuzs’s
401 3966 504 4001 usuam
513 3966 567 4015 -3
