2800 4286
176 257 239 318 228
533 259 692 312 VERGILI
719 258 919 312 AENEIDOS

263 440 408 504 Cernere
424 448 512 515 erat;
538 448 712 520 totumque
728 437 889 502 instructo
908 441 1018 502 Marte
1033 440 1166 504 videres

263 545 407 607 Fervere
425 545 604 618 Leucaten,
624 562 770 625 auroque
786 543 949 623 effulgere
966 543 1097 606 fluctus.

264 649 354 710 Hinc
370 649 547 728 Augustus
564 667 668 729 agens
687 649 790 710 Italos
805 649 839 709 in
856 648 981 728 proelia
999 648 1127 712 Caesar

263 754 347 817 Cum
364 751 514 833 patribus
531 752 731 833 populoque,
752 751 931 814 Penatibus
948 761 981 814 et
998 753 1132 834 magnis
1148 754 1206 829 dis,

174 868 224 917 680
261 858 362 922 Stans
378 857 468 918 celsa
485 855 517 917 in
535 855 659 937 puppi;
685 855 835 936 geminas
851 855 904 918 cui
919 865 1073 938 tempora
1089 857 1239 922 flammas

264 963 370 1025 Laeta
385 969 532 1035 vomunt,
552 959 761 1042 patriumque
778 961 926 1042 aperitur
941 961 1064 1024 vertice
1081 962 1185 1026 sidus.

263 1068 359 1129 Parte
377 1065 440 1128 alia
457 1066 564 1126 ventis
581 1073 614 1126 et
630 1064 681 1126 dis
698 1065 853 1147 Agrippa
870 1065 1025 1128 secundis

261 1170 398 1234 Arduus
414 1189 534 1249 agmen
552 1188 656 1249 agens
670 1190 677 1245 ;
702 1171 764 1244 cui,
781 1169 860 1232 belli
876 1169 1005 1251 insigne
1022 1171 1215 1252 superbum,

262 1277 431 1354 Tempora
447 1273 558 1335 navali
575 1273 708 1354 fulgent
725 1282 867 1336 rostrata
883 1294 1014 1337 corona.

174 1390 222 1456 685
264 1379 354 1442 Hinc
371 1399 434 1460 ope
450 1378 623 1441 barbarica
640 1378 806 1459 variisque
824 1380 993 1441 Antonius
1009 1379 1120 1456 armis.

262 1485 377 1547 Victor
393 1483 434 1544 ab
453 1483 604 1545 Aurorae
621 1483 754 1565 populis
770 1492 803 1545 et
817 1483 911 1545 litore
928 1483 1036 1559 rubr0,

262 1588 459 1671 Aegyptum
474 1587 628 1669 viresque
645 1586 794 1651 Orientis
810 1596 843 1650 et
861 1587 976 1649 ultima
993 1607 1104 1650 secum

263 1693 383 1766 Bactra
395 1692 504 1767 vebit;
530 1693 754 1773 sequiturque,
773 1692 890 1754 nefas!
916 1692 1088 1775 Aegyptia
1104 1693 1258 1757 coniunx.

262 1797 341 1860 Una
358 1815 473 1858 omnes
490 1815 596 1870 ruere,
614 1816 652 1858 ac
669 1805 776 1858 totum
793 1815 949 1876 spumare
966 1796 1110 1859 reductis

174 1909 223 1972 690
263 1899 467 1963 Convulsum
485 1901 583 1962 remis
600 1899 783 1981 rostrisque
800 1899 997 1962 tridentibus
1013 1919 1148 1981 aequor.

262 2003 344 2066 Alta
361 2013 497 2085 petunt:
523 2003 643 2085 pelago
660 2004 777 2066 credas
790 2003 905 2066 innare
922 2005 1070 2066 revulsas

262 2107 435 2192 Cycladas
454 2118 510 2170 aut
526 2117 657 2170 montes
673 2127 871 2170 concurrere
889 2107 1055 2170 montibus
1071 2109 1178 2173 altos:

261 2212 372 2274 Tanta
389 2212 474 2274 mole
490 2211 552 2273 viri
567 2211 692 2303 turritis
710 2211 879 2293 puppibus
896 2211 1029 2275 instant.

262 2315 414 2396 Stuppea
427 2316 560 2378 flamma
576 2337 676 2378 manu
693 2316 834 2398 telisque
850 2317 983 2379 volatile
1000 2317 1124 2379 ferrum

174 2428 221 2493 695
263 2419 457 2501 Spargitur;
483 2440 562 2482 arva
579 2441 666 2482 nova
684 2420 856 2501 Neptunia
870 2421 972 2484 caede
984 2421 1176 2485 rubescunt.

264 2525 393 2606 Regina
406 2526 439 2587 in
457 2525 573 2586 mediis
591 2525 698 2605 patrio
714 2534 812 2587 vocat
829 2524 964 2605 agmina
980 2524 1085 2601 sistro,

263 2628 415 2690 Necdum
432 2629 532 2691 etiam
549 2630 700 2709 geminos
717 2649 737 2690 a
756 2638 850 2709 tergo
866 2628 1002 2709 respicit
1016 2649 1154 2711 angues.

262 2732 556 2814 Omuigenumque
579 2734 677 2796 deum
695 2743 843 2795 monstra
860 2742 893 2796 et
909 2733 1046 2796 latrator
1058 2735 1192 2798 Anubis

262 2836 386 2900 Contra
404 2838 600 2918 Neptunum
617 2823 650 2901 et
665 2838 832 2900 Venerem
850 2847 1031 2919 contraque
1050 2838 1238 2902 Minervam

175 2963 222 3014 700
261 2942 345 3003 Tela
359 2951 484 3004 tenent.
533 2942 646 3006 Saevit
662 2942 771 3005 medio
787 2944 821 3004 in
838 2941 1019 3004 certamine
1037 2943 1172 3006 Mavors

262 3046 417 3109 Caelatus
433 3047 531 3122 ferro,
549 3046 726 3128 tristesque
743 3067 784 3109 ex
800 3047 935 3109 aethere
954 3046 1073 3120 Dirae,

263 3150 306 3212 Et
323 3150 425 3212 scissa
442 3150 592 3231 gaudens
609 3151 699 3212 vadit
718 3150 894 3214 Discordia
907 3151 1003 3232 palla,
1103 3219 1105 3223 ,

262 3255 371 3336 Quam
389 3275 463 3317 cum
481 3255 665 3335 sanguineo
683 3256 830 3336 sequitur
848 3255 987 3318 Bellona
1003 3257 1144 3337 flagello.

261 3358 381 3421 Actius
398 3359 481 3422 haec
498 3379 639 3421 cernens
656 3379 769 3421 arcum
786 3358 980 3423 intendebat
998 3361 1121 3442 Apollo

175 3483 220 3536 705
264 3464 427 3544 Desuper.
471 3460 590 3526 Omnis
607 3483 645 3525 eo
662 3465 787 3526 terrore
804 3463 983 3547 Aegyptus
1000 3473 1032 3527 et
1050 3465 1134 3540 Indi,

262 3567 381 3631 Omnis
397 3567 518 3641 Arabs
536 3587 652 3628 omncs
668 3568 843 3629 vertebant
859 3577 954 3649 terga
971 3569 1101 3633 Sabaei.

263 3672 342 3752 Ipsa
358 3670 533 3733 videbatur
547 3670 655 3733 ventis
672 3672 787 3751 regina
803 3670 929 3735 vocatis
1019 3727 1021 3732 .

261 3775 345 3838 Vela
362 3773 450 3847 dare,
467 3781 499 3836 et
516 3773 607 3835 laxos
623 3773 687 3834 iam
704 3775 836 3856 iamque
851 3775 1028 3842 immittere
1044 3777 1151 3841 funes.
