2800 4286
178 292 240 356 234
531 281 690 334 vsnonl
718 280 918 334 Asuaioos

265 460 424 523 Reddunt
440 479 475 522 se
491 458 629 522 totidem
647 459 751 522 facies
768 467 937 541 pontoque
953 459 1106 523 feruntur

262 565 352 647 Quot
369 565 459 645 prius
476 573 608 626 aeratae
625 572 786 626 steterant
802 563 844 625 ad
861 562 957 626 litora
973 583 1102 644 prorae.

306 669 508 750 Obstipuere
525 667 643 730 animis
663 667 778 730 Rutuli
788 688 796 743 ;
821 666 1019 730 conterritus
1035 668 1109 749 ipse

261 772 418 836 Turbatis
436 773 616 852 Messapus
632 771 736 852 equis,
754 781 930 835 cunctatur
946 781 978 834 et
995 773 1103 834 amnis

178 903 220 954 125
264 879 379 940 Rauca
395 871 517 939 sonans
534 885 734 957 revocatque
751 875 871 956 pedem
888 875 1066 939 Tiberinus
1082 877 1126 940 ab
1143 878 1220 940 alto.

262 984 310 1045 At
326 1002 392 1044 non
409 980 527 1043 audaci
542 980 657 1042 Turno
674 980 794 1042 fiducia
810 979 928 1056 cessit;

262 1087 359 1151 Ultro
376 1086 504 1148 animos
521 1083 606 1146 tollit
622 1083 727 1159 dictis,
746 1094 845 1166 atque
863 1083 1013 1165 increpat
1031 1086 1140 1149 ultro:

262 1191 453 1253 “Troianos
470 1190 552 1252 haec
569 1198 717 1252 monstra
734 1198 862 1270 petunt,
881 1188 932 1251 his
951 1190 1104 1271 Iuppiter
1120 1191 1195 1272 ipse

261 1295 431 1357 Auxilium
449 1293 580 1356 solitum
597 1293 718 1374 eripuit
728 1314 735 1369 ;
761 1312 827 1355 non
844 1294 911 1355 tela
926 1313 1035 1375 neque
1052 1293 1149 1375 ignes

177 1424 223 1473 130
263 1400 451 1480 Expectant
469 1398 619 1486 Rutulos.
668 1398 758 1478 Ergo
776 1397 879 1459 maria
894 1397 983 1460 iniria
999 1399 1148 1474 Teucris

263 1505 334 1567 Nec
352 1523 429 1584 spes
445 1503 512 1565 ulla
529 1503 649 1582 fugae;
675 1521 784 1564 rerum
804 1523 882 1584 pars
902 1503 1006 1565 altera
1021 1502 1183 1584 adempta
1199 1513 1257 1566 est.

261 1609 366 1670 Terra
382 1616 491 1669 autem
509 1606 543 1668 in
559 1605 680 1668 nostris
697 1606 860 1681 manibus,
878 1615 927 1669 tot
944 1606 1033 1668 milia
1049 1616 1171 1689 gentes

263 1713 370 1775 Arma
385 1711 498 1774 ferunt
515 1710 631 1773 Italae.
680 1709 736 1771 Nil
753 1730 806 1772 me
822 1711 938 1772 fatalia
954 1719 1088 1787 terrent,

264 1817 299 1880 Si
316 1836 380 1898 qua
398 1816 549 1898 Phryges
565 1834 645 1895 prae
662 1834 698 1877 se
715 1814 848 1889 iactant,
866 1833 1029 1894 responsa
1045 1814 1205 1892 deorum;

264 1921 323 1984 Sat
338 1919 417 1982 fatis
434 1918 623 2000 Venerique
641 1918 764 1993 datum,
782 1919 921 1998 tetigere
938 1918 1027 2000 quod
1044 1938 1124 1980 arva

264 2023 395 2086 Fertilis
412 2023 583 2085 Ausoniae
601 2023 714 2084 Troes.
764 2021 850 2085 Sunt
867 2031 900 2084 et
917 2041 991 2084 mea
1006 2032 1124 2087 contra

264 2129 348 2190 Fata
364 2126 453 2202 mihi,
472 2126 561 2188 ferro
579 2127 773 2189 sceleratam
791 2125 985 2189 exscindere
1001 2136 1148 2208 gentem,

263 2232 414 2312 Coniuge
431 2240 624 2312 praerepta3
649 2250 711 2292 nec
728 2231 815 2293 solos
832 2230 940 2311 tangit
956 2231 1095 2295 Atridas

265 2337 332 2398 Iste
349 2336 453 2411 dolor,
471 2334 616 2416 solisque
632 2334 708 2396 licet
724 2353 844 2415 capere
860 2355 954 2396 arma
972 2337 1136 2419 Mycenis

304 2446 321 2472 “
339 2440 425 2505 ‘Sed
443 2439 580 2521 periisse
597 2439 700 2502 semel
716 2440 795 2500 satis
811 2447 862 2501 est
874 2439 899 2500 ε’
925 2459 1065 2520 peccare
1082 2441 1204 2502 fuisset

264 2545 355 2609 Ante
372 2545 461 2619 satis,
480 2545 613 2623 penitus
631 2543 728 2605 modo
745 2563 812 2605 non
828 2562 936 2622 genus
953 2563 1051 2606 omne
1070 2563 1210 2625 perosos

265 2648 479 2735 Femineum3
505 2647 623 2728 quibus
642 2647 723 2708 haec
741 2646 842 2708 medii
858 2646 978 2708 fiducia
994 2647 1073 2709 valli

265 2754 511 2832 Fossarumque
528 2770 649 2825 morae,
668 2750 726 2812 leti
741 2749 933 2812 discrimina
949 2771 1061 2832 parva,

266 2858 358 2919 Dant
374 2855 511 2918 animos.
558 2855 607 2916 At
624 2874 690 2916 non
707 2853 861 2916 viderunt
877 2853 1009 2918 moenia
1025 2855 1147 2919 Troiae

267 2958 417 3040 Neptuni
433 2958 595 3020 fabricata
612 2978 714 3019 manu
730 2957 903 3021 considere
919 2957 953 3019 in
969 2959 1088 3040 ignes?

266 3063 333 3128 Sed
349 3083 418 3137 vos
436 3083 455 3124 o
472 3061 557 3136 lecti,
576 3062 665 3124 ferro
681 3060 754 3143 quis
771 3061 923 3124 scindere
939 3063 1063 3126 vallum

265 3169 421 3249 Apparat
437 3175 469 3228 et
486 3186 616 3228 mecum
632 3165 758 3227 invadit
774 3164 977 3246 trepidantia
993 3167 1125 3230 castra?

267 3273 345 3334 Non
361 3269 461 3333 armis
478 3269 559 3331 mihi
575 3269 727 3344 Vulcani,
745 3289 812 3332 non
830 3270 918 3333 mille
934 3271 1054 3334 carinis

267 3376 329 3438 Est
345 3394 429 3457 opus
446 3373 479 3435 in
497 3375 654 3436 Teucros,
702 3373 842 3436 Addant
858 3395 894 3436 se
911 3374 1061 3454 protinus
1077 3395 1196 3437 omnes

269 3479 401 3543 Etrusci
418 3479 533 3540 socios.
581 3476 753 3540 Tenebras
770 3488 803 3540 et
819 3477 936 3539 inertia
952 3477 1042 3540 furta

269 3583 414 3657 Palladii,
433 3582 538 3643 caesis
555 3599 705 3642 summae
722 3580 913 3644 custodibus
931 3581 1025 3656 arcis,

270 3688 322 3749 Ne
339 3686 498 3759 timeant;
522 3703 584 3746 nec
601 3685 677 3766 equi
693 3704 794 3748 caeca
810 3685 992 3748 condemur
1007 3685 1041 3747 in
1058 3686 1151 3749 alvo:

272 3791 372 3863 Luce,
391 3786 511 3868 palam,
529 3796 656 3850 certum
672 3797 723 3850 est
739 3787 808 3868 igni
823 3788 1028 3852 circumdare
1044 3809 1165 3853 muros¹
