2800 4286
497 287 613 342 traua
639 287 789 342 saxrus
1131 297 1188 364 173

163 467 249 532 Pars
265 467 411 550 pedibus
428 468 593 550 plaudunt
609 469 749 532 choreas
764 477 798 531 et
815 467 962 540 carmina
978 468 1100 532 dicunt.

74 579 121 644 ⁶45
166 572 242 635 Nec
259 591 328 636 non
344 571 524 634 Threicius
540 572 641 653 longa
657 591 732 634 cum
748 583 842 636 veste
859 574 1014 636 sacerdos

166 675 373 756 Obloquitur
389 675 538 738 numeris
554 685 684 757 septem
700 675 890 740 discrimina
905 697 1034 752 vocum,

167 781 310 862 Iamque
326 779 449 844 eadem
466 779 588 860 digitis,
606 778 672 842 iam
689 781 821 861 pectine
838 781 948 862 pulsat
964 780 1099 844 eburno.

169 884 235 946 Hic
252 904 363 964 genus
379 884 554 965 antiquum
570 884 700 959 Teucri,
719 885 940 964 pulcherrima
956 886 1075 966 proles,

170 988 383 1069 Magnanimi
399 988 528 1063 heroes,
547 988 616 1053 uati
632 988 824 1051 melioribus
840 989 946 1065 annis,

77 1101 127 1165 650
172 1093 306 1174 Ilusque
324 1093 583 1174 Assaracusque·
597 1102 631 1155 et
647 1080 766 1156 Troiae
785 1094 964 1176 Dardanus
981 1103 1105 1157 auctor.

170 1196 274 1260 Arma
291 1196 411 1276 procul
426 1215 608 1278 currusque
623 1197 729 1258 virum
746 1196 882 1259 miratur
898 1197 1023 1260 inanes.

171 1300 266 1363 Stant
281 1309 374 1362 terra
390 1300 519 1363 defixae
536 1302 661 1376 hastae,
681 1301 872 1382 passimque
888 1302 986 1366 soluti

172 1403 230 1466 Per
245 1425 406 1485 campum
424 1414 607 1484 pascuntur
622 1405 708 1486 equi.
756 1406 852 1487 Quae
870 1407 976 1486 gratia
992 1425 1123 1468 currum

171 1509 421 1589 Arnrorumque
438 1507 610 1584 ruiturus,
628 1529 714 1590 quae
730 1529 810 1574 cura
825 1510 969 1573 nitentes

85 1620 131 1695 ⁶5⁵
172 1613 312 1675 Pascere
328 1632 444 1693 equos,
462 1612 579 1674 eadem
597 1613 746 1694 sequitur
760 1614 879 1677 tellure
896 1624 1057 1694 repostos

118 1794 120 1798 Α
170 1715 352 1798 Conspicit,
370 1736 460 1790 ecce,
478 1716 559 1780 alios
576 1717 690 1780 dextra
706 1716 867 1799 laevaque
884 1738 944 1798 per
960 1717 1096 1780 herbam
1152 1706 1155 1713 ’

169 1821 357 1883 Ve'scentes
375 1820 566 1901 laetumque
581 1822 684 1884 choro
702 1822 833 1884 Paeana
849 1816 1026 1884 canentes'

171 1925 264 1988 lnter
279 1923 457 1986 odoratum
474 1924 557 1986 lauri
573 1945 701 2000 nemuS,
720 1926 808 1988 unde
828 1945 973 2005 superne

171 2028 337 2090 Plurimus
355 2027 495 2090 Eridani
511 2049 570 2108 per
587 2029 702 2091 silvam
720 2029 861 2092 volvitur
877 2029 992 2092 amnis.

88 2141 134 2190 66ο
172 2133 236 2195 Hic
255 2153 378 2194 manus
390 2130 436 2194 ob
453 2133 593 2212 patriam
611 2133 794 2213 pugnando
809 2134 948 2195 vulnera
964 2133 1062 2212 passi,

156 2236 305 2318 ¹Quique
322 2236 513 2300 sacerdotes
528 2236 621 2311 casti,
638 2237 716 2298 dum
733 2237 800 2299 vita
818 2237 981 2311 manebat,

172 2339 306 2422 Quique
323 2339 371 2421 pii
386 2350 479 2402 vates
494 2350 527 2403 et
546 2341 679 2404 Phoebo
696 2341 799 2421 digna
818 2342 927 2416 locuti,

173 2444 334 2506 Inventas
350 2453 409 2506 aut
424 2443 480 2524 qui
496 2445 598 2506 vitam
615 2446 790 2508 excoluere
807 2465 867 2526 per
883 2453 979 2519 artes,

172 2547 306 2629 Quique
323 2546 376 2610 sui
391 2567 553 2610 memores
571 2547 698 2629 aliquos
717 2548 829 2613 iecere
845 2549 1004 2611 merendo
1014 2569 1022 2624 3

88 2659 132 2723 665
172 2651 340 2714 Omnibus
356 2650 407 2713 his
424 2651 519 2714 nivea
536 2652 716 2731 cinguntur
733 2663 885 2736 tempora
900 2653 990 2716 vitta.

214 2755 310 2836 Quos
325 2755 545 2820 circumfusos
562 2756 608 2818 sic
624 2767 675 2820 est
693 2757 809 2820 adfata
826 2757 962 2840 Sibylla,

173 2859 350 2922 Musaeum
367 2868 444 2922 ante
460 2879 595 2936 omnes;
621 2861 765 2923 medium
783 2881 861 2923 nam
878 2861 1018 2942 plurima
1035 2860 1132 2923 turba

172 2963 275 3025 Hunc
292 2962 403 3037 habet,
421 2972 521 3044 atque
539 2966 661 3027 umeris
679 2974 866 3028 exstantem
883 2965 1021 3046 suspicit
1037 2964 1127 3027 altis:
1217 2953 1221 2961 ⁵

172 3071 190 3097 “
203 3066 324 3142 Dicite,
341 3068 457 3132 felices
473 3067 613 3144 animae,
632 3077 743 3150 tuque,
762 3071 886 3150 optime
902 3077 1003 3141 vates,

90 3179 134 3241 670
172 3169 269 3252 Quae
286 3170 378 3251 regio
394 3171 578 3247 Anchisen,
595 3173 670 3254 quis
687 3173 788 3236 habet
803 3173 918 3236 locus?
941 3173 1029 3234 illius
1044 3193 1124 3253 ergo

171 3274 336 3338 Venimus
352 3284 386 3338 et
402 3297 543 3357 magnos
561 3277 661 3340 Erebi
676 3277 881 3341 tranavimus
898 3276 1044 3339 amnes.’'

146 3377 150 3382 '
171 3379 287 3460 Atque
303 3379 382 3442 huic
398 3401 596 3462 responsum
614 3383 729 3463 paucis
746 3382 790 3446 ita
808 3381 950 3444 reddidit
966 3382 1081 3444 heros:

174 3483 298 3548 “Nulli
313 3495 405 3548 certa
420 3487 557 3562 domus;
581 3485 664 3550 lucis
681 3486 869 3549 habitamus
885 3487 1007 3566 opacis

174 3588 404 3670 Riparumque
420 3600 509 3654 toros
526 3600 560 3652 et
576 3600 671 3672 prata
687 3590 833 3654 recentia
853 3590 930 3652 rivis

92 3701 133 3766 ⁶75
175 3691 367 3757 incolimus.
415 3695 483 3758 Sed
498 3715 567 3769 vos,
586 3694 613 3756 si
629 3695 694 3758 iert
710 3694 756 3757 ita
772 3695 871 3758 corde
886 3695 1048 3768 voluntas

175 3797 252 3860 Hoc
267 3808 426 3879 superate
443 3798 575 3878 iugum;
600 3808 634 3861 et
651 3797 740 3861 facili
757 3797 821 3860 iam
837 3799 969 3861 tramite
987 3797 1131 3858 sistam.'’
