2822 4294
467 269 582 319 LIBER
609 268 813 321 SECUNDUS
1153 276 1192 342 57

171 447 334 528 Troiaque
350 467 444 509 nunc
462 454 576 522 stares,
596 447 782 529 Priamique
799 467 857 510 arx
873 447 941 510 alta
956 454 1116 510 maneres.

213 547 308 621 Ecce,
327 554 452 608 manos
470 546 623 608 iuvenem
640 545 766 608 intereo
784 556 858 628 post
874 557 970 626 terga
986 546 1169 610 revinctum

173 651 323 713 Pistores
339 658 469 732 magno
484 651 527 712 ad
542 658 656 731 regem
673 651 817 714 clomore
834 650 1011 714 trahebant

175 754 399 830 Dardanidae,
418 762 528 837 quise
544 755 694 837 ignotum
710 754 920 817 venientibus
935 755 1030 831 ultro,

173 859 246 922 Hoc
262 861 374 941 ipsum
393 869 430 922 ut
448 868 590 922 strueret
607 859 809 941 Troiamque
827 868 970 941 aperiret
988 859 1138 935 Achivis,

174 962 358 1040 Obtulerat,
377 965 491 1026 fidens
506 965 616 1039 animi,
636 973 735 1045 atque
752 963 784 1026 in
803 973 982 1045 utrumque
1000 971 1146 1045 perotus,

174 1068 239 1132 Seu
255 1075 390 1131 versore
408 1069 513 1142 doloS,
531 1089 588 1132 seu
606 1077 717 1132 certae
733 1069 930 1131 occumbere
948 1077 1054 1130 morti.

175 1173 332 1255 Undique
348 1173 481 1236 visendi
497 1173 607 1235 studio
622 1172 767 1234 Troiona
784 1172 939 1235 inventos

176 1277 387 1341 Circumlosa
404 1278 479 1352 ruit,
497 1287 691 1358 certantque
708 1276 859 1339 inlodere
875 1285 983 1358 capto.

176 1381 301 1463 Accipe
318 1402 410 1445 nunc
429 1382 586 1471 Danaum
601 1380 749 1456 insidios,
767 1390 799 1444 et
816 1380 953 1444 crimine
970 1380 1012 1442 ab
1029 1389 1096 1444 ono

178 1486 275 1550 Disce
291 1493 420 1550 omnes.

179 1590 329 1673 Namque
346 1601 384 1653 ut
402 1597 584 1671 conspecto
601 1590 634 1652 in
652 1590 762 1652 medio
777 1589 940 1664 turbotus,
957 1590 1102 1666 inermis,

178 1695 330 1758 Constitit
348 1703 451 1775 atque
467 1696 571 1757 oculis
590 1694 734 1778 Phrygia
750 1694 884 1775 agmina
902 1694 1157 1775 circumspexit:

178 1804 194 1830 ‘⁴
209 1799 295 1874 Heu,
314 1817 402 1880 quae
419 1817 507 1860 nunc
522 1787 785 1879 tellos'’,inquit,
799 1802 912 1879 “quae
930 1804 983 1859 me
1002 1818 1147 1879 aequora

262 1912 406 1986 possunt

174 2007 364 2089 Accipere?
385 2017 443 2070 aut
459 2007 537 2089 quid
554 2008 620 2068 iam
637 2006 760 2070 misero
775 2006 856 2068 mihi
873 1991 1016 2088 denique
1034 2016 1145 2080 restat,

175 2112 237 2176 Cui
254 2131 364 2194 neque
381 2111 471 2192 apud
491 2111 629 2173 Danaos
646 2117 786 2193 osquam
803 2110 903 2186 locuS,
922 2121 955 2172 et
973 2131 1073 2192 super
1089 2111 1152 2192 ipsi

177 2215 394 2279 Dardanidae
411 2216 534 2278 infensi
550 2222 677 2298 poenos
693 2234 768 2276 cum
786 2216 949 2295 sanguine
967 2224 1108 2295 poscunt
1121 2215 1132 2275 ?
1144 2215 1161 2238 ’'

175 2322 253 2402 Quo
270 2319 396 2402 gemito
414 2329 566 2382 conversi
581 2321 692 2393 animi,
711 2338 923 2400 compressus
940 2328 974 2382 et
990 2318 1098 2382 omnis

177 2425 339 2506 Impetus.
390 2424 573 2486 Hortamur
589 2423 662 2498 fori,
681 2430 747 2505 quo
763 2422 926 2504 sanguine
944 2431 1061 2497 erotus,

174 2529 309 2611 Quidve
325 2529 422 2603 ferat,
441 2537 611 2603 memoret,
630 2547 716 2609 quae
733 2526 775 2590 sit
792 2527 916 2590 lidocia
934 2535 1041 2608 capto.

177 2633 240 2694 Ille
257 2633 350 2707 haec,
368 2632 521 2714 deposito
536 2631 672 2694 tandem
689 2631 876 2706 formidine,
896 2631 1004 2694 lotur:

222 2737 383 2800 “Concta
418 2735 572 2819 equidem
612 2732 681 2810 tibi,
714 2741 779 2810 rex,
816 2734 915 2796 luerit
951 2735 1193 2818 quodcumque,

310 2841 440 2903 fatebor

175 2947 266 3008 Vera
278 2945 295 2970 ’'
312 2945 426 3028 inquit,
447 2951 585 3027 “neque
601 2951 654 3008 mo
671 2944 831 3025 Argolica
847 2944 889 3007 de
905 2954 1006 3026 gente
1024 2945 1163 3026 negobo.

178 3050 255 3112 Hoc
272 3059 433 3130 primum3
458 3070 529 3124 nec,
548 3057 575 3113 si
592 3049 746 3112 miserum
765 3049 914 3111 Fortuna
932 3049 1090 3112 Sinonem

177 3155 297 3228 Finxit,
315 3175 437 3216 vanum
454 3155 554 3217 etiam
568 3153 829 3234 mendacemque
846 3153 996 3233 improba
1014 3153 1126 3233 finget.

177 3258 296 3320 Fando
312 3257 444 3340 aliquod
463 3268 491 3320 si
506 3259 593 3330 forte
610 3264 683 3320 tuos
700 3257 852 3338 pervenit
869 3257 911 3319 ad
928 3263 1026 3320 aures

178 3362 314 3424 Belidae
330 3371 451 3425 nomen
471 3361 656 3425 Palamedis
672 3371 705 3424 et
722 3361 845 3424 incluta
863 3361 953 3423 famo

176 3466 291 3530 Gloria
306 3487 405 3548 quem
422 3467 507 3530 falso
524 3466 586 3530 sub
603 3465 789 3547 proditione
808 3465 940 3546 Pelasgi

176 3556 352 3634 insontem
368 3571 508 3636 infando
522 3570 654 3646 indicio,
672 3570 749 3653 quia
765 3570 853 3634 bella
869 3570 1003 3633 vetabat

178 3677 351 3738 Domisore
368 3685 450 3751 neci,
469 3695 556 3739 nunc
574 3695 704 3738 cassum
722 3674 846 3738 lomine
863 3675 996 3754 logent:

179 3781 232 3842 lllr
248 3787 303 3842 mo
319 3779 473 3842 comitem
489 3789 523 3842 et
544 3778 834 3859 consanguinitate
851 3777 1073 3858 propinquum
