2800 4286
506 301 618 354 LIBER
644 301 795 356 SEXTUS

84 501 126 551 710
165 479 347 544 Horrescit
364 479 446 543 visu
464 480 581 556 subito
600 501 784 563 causasque
802 483 937 564 requirit

164 585 299 648 Inscius
319 585 485 661 Aeneas;
510 605 594 666 quae
611 584 678 648 sint
693 605 733 648 ea
748 585 885 649 flumina
902 608 1010 668 porro,

56 745 59 750 .
166 689 277 771 Quive
293 689 361 751 viri
378 697 479 750 tanto
496 689 693 770 complerint
709 691 843 770 agmine
859 691 956 772 ripas.

211 795 302 856 Tum
321 802 423 875 pater
441 793 625 856 Anchises:
652 794 835 870 “Animae
854 796 973 877 quibus
993 799 1096 860 altera
1112 800 1184 862 fato

168 899 322 979 Corpora
340 898 518 973 debentur,
538 896 679 960 Lethaei
695 899 736 960 ad
753 899 898 962 fluminis
914 901 1037 962 undam

84 1024 126 1075 7¹5
170 1003 319 1066 Securos
337 1001 458 1064 latices
475 1011 508 1063 et
524 1002 624 1082 longa
641 1002 762 1064 oblivia
779 1012 905 1084 potant.

171 1097 248 1168 Has
264 1106 428 1188 equidem
445 1111 628 1168 memorare
645 1105 704 1168 tibi
720 1117 820 1188 atque
837 1109 1011 1172 ostendere
1027 1131 1147 1187 coram,

116 1209 126 1224 ⁰
172 1190 382 1292 iampridem
402 1211 489 1271 hanc
507 1210 633 1291 prolem
651 1210 750 1291 cupio
766 1231 962 1275 enumerare
978 1233 1137 1290 meorum,

172 1314 251 1396 Quo
267 1312 381 1395 magis
401 1298 498 1376 Italia
514 1333 645 1376 mecum
662 1314 784 1378 laetere
801 1317 963 1395 reperta.''

173 1424 192 1450 ‘¹
203 1419 233 1482 Ο
245 1428 354 1500 pater,
367 1437 456 1478 anne
468 1417 595 1499 aliquas
606 1419 648 1480 ad
659 1419 786 1481 caelum
801 1421 878 1482 hinc
888 1422 935 1483 ire
948 1423 1132 1502 putandum
1146 1427 1196 1487 est'

88 1543 133 1593 720
174 1522 345 1586 Sublimes
363 1523 501 1595 animas
519 1521 703 1603 iterumque
719 1523 761 1584 ad
777 1524 872 1586 tarda
888 1525 1008 1588 reverti

174 1627 351 1709 Corpora?
375 1645 462 1706 quae
478 1625 560 1688 lucis
576 1626 704 1689 miseris
720 1637 787 1689 tam
805 1628 875 1690 dira
890 1629 1034 1710 cupido?
1046 1633 1064 1655 ”

176 1731 327 1792 “Dicam
347 1729 511 1810 equidem,
529 1751 590 1792 nec
607 1739 640 1792 te
657 1751 865 1811 suspensum,
883 1742 969 1808 nate,
987 1735 1139 1798 tenebo.''

176 1835 324 1916 Suscipit
343 1833 520 1909 Anchises,
538 1843 638 1916 atque
655 1836 768 1897 ordine
785 1837 917 1918 singula
938 1839 1062 1918 pandit.

219 1937 419 2018 “Principio
435 1939 562 2000 caelum
581 1959 619 2000 ac
635 1948 741 2002 terras
757 1960 961 2023 camposque
983 1942 1146 2024 liquentes

93 2063 135 2116 725
178 2043 433 2122 Lucentemque
451 2042 584 2122 globum
605 2041 721 2106 Lunae
737 2043 936 2126 Titaniaque
952 2031 1046 2108 astra

178 2146 323 2227 Spiritus
340 2145 430 2207 intus
447 2145 513 2221 alit,
530 2155 700 2228 totamque
717 2147 829 2209 infusa
846 2169 906 2228 per
921 2159 1011 2212 artus

177 2251 275 2312 Mens
292 2250 399 2330 agitat
417 2250 537 2311 molem
553 2259 587 2312 et
604 2271 726 2331 magno
743 2271 778 2312 se
795 2272 933 2332 corpore
951 2255 1074 2318 miscet.

177 2354 260 2416 Inde
278 2354 451 2414 hominum
469 2355 701 2436 pecudumque
716 2375 823 2435 genus
839 2357 993 2439 vitaeque
1008 2359 1178 2422 volantum

177 2459 220 2520 Et
236 2477 324 2540 quae
342 2476 527 2520 marmoreo
543 2458 610 2520 lert
626 2468 774 2521 monstra
792 2459 853 2521 sub
870 2481 1010 2542 aequore
1028 2469 1172 2543 pontus

95 2577 140 2634 730
177 2563 304 2642 Igneus
320 2570 372 2623 est
389 2560 462 2623 ollis
479 2561 573 2642 vigor
588 2572 621 2624 et
637 2563 790 2626 caelestis
807 2566 900 2645 origo

177 2663 378 2739 Seminibus,
397 2673 556 2746 quantum
574 2687 640 2728 non
658 2667 755 2729 noxia
771 2686 910 2748 corpora
925 2671 1059 2733 tardant

175 2761 383 2851 Terrenique
401 2769 559 2855 hebetant
576 2780 666 2832 artus
682 2771 946 2855 moribundaque
961 2775 1118 2838 membra.

177 2873 268 2936 Hinc
294 2883 445 2935 metuunt
470 2873 684 2956 cupiuntque,
702 2875 816 2938 dolent
840 2878 1062 2959 gaudentque,
1085 2899 1193 2962 neque

264 2997 362 3039 auras

151 3101 155 3110 ·
177 3081 369 3162 Dispiciunt
385 3082 517 3144 clausae
533 3083 679 3145 tenebris
696 3094 728 3146 et
745 3105 876 3147 carcere
893 3106 1002 3148 caeco,

94 3203 135 3256 735
218 3185 337 3266 “Quin
355 3177 394 3247 et
405 3205 560 3265 supremo
576 3206 651 3248 cum
669 3187 792 3249 lumine
808 3188 876 3250 vita
892 3190 1030 3272 reliquit,

177 3290 254 3351 Non
271 3298 383 3350 tamen
401 3309 500 3352 omne
517 3291 641 3351 malum
658 3277 785 3354 miseris
802 3313 863 3355 nec
881 3293 1031 3356 funditus
1048 3315 1163 3359 omnes
1226 3344 1227 3347 η

175 3394 366 3473 Corporeae
382 3394 547 3456 excedunt
564 3404 685 3476 pestes
704 3395 902 3479 penitusque
919 3417 1056 3461 necesse
1073 3409 1123 3462 est

176 3497 284 3559 Multa
301 3495 357 3558 diu
374 3507 531 3560 concreta
548 3498 654 3561 modis
671 3500 852 3563 inolescere
869 3501 968 3565 miris.

176 3601 267 3682 Ergo
284 3611 481 3664 exercentur
497 3604 623 3684 poenis,
640 3613 856 3686 veterumque
872 3607 1034 3669 malorum

94 3723 135 3774 740
177 3705 348 3786 Supplicia
365 3707 566 3786 expendunt.
617 3707 713 3770 Aliae
731 3709 923 3789 panduntur
940 3710 1055 3772 inanes

177 3808 369 3891 Suspensae
386 3810 427 3870 ad
443 3819 579 3886 ventos;
605 3809 677 3872 aliis
693 3810 754 3873 sub
771 3813 902 3892 gurgite
919 3823 1012 3875 vasto
