2800 4286
216 289 275 358 174
565 280 724 338 vanem
751 281 949 338 Aruernos

300 465 399 540 Dixit,
417 475 450 528 et
466 475 544 528 ante
560 465 634 528 tulit
649 485 810 547 gressum,
828 485 1031 548 camposque
1046 465 1192 529 nitentes

185 617 188 624 .
265 563 267 568 ’
300 570 455 650 Desuper
470 579 616 633 ostentat
626 591 633 646 ;
658 569 778 632 dehinc
795 589 925 632 summa
940 570 1115 633 cacumina
1131 571 1299 652 linquunt.

341 674 390 737 At
405 683 502 756 pater
517 673 687 736 Anchises
704 673 838 755 penitus
854 675 1005 738 convalle
1020 674 1141 750 virenti

210 789 259 837 680
300 778 451 841 Inclusas
468 777 596 840 animas
612 799 837 860 superumque
853 778 895 840 ad
912 778 1023 840 lumen
1040 779 1145 840 ituras
1255 865 1257 867 Ι

300 881 480 944 Lustrabat
497 881 606 944 studio
623 882 782 957 recolens,
800 901 1000 964 omnemque
1016 901 1153 944 suorum

300 986 399 1047 Forte
414 985 609 1049 recensebat
626 1006 801 1074 numerum
818 1006 979 1069 carosque
995 995 1147 1067 nepotes,

299 1090 450 1171 Fataque
467 1090 685 1172 fortunasque
702 1090 808 1152 virum
825 1095 999 1172 moresque
1015 1111 1212 1172 manusque.

299 1193 400 1274 Isque
416 1193 473 1255 ubi
488 1194 680 1256 tendentem
698 1195 875 1256 adversum
893 1213 953 1274 per
968 1194 1120 1274 gramina
1136 1194 1218 1256 vidit
1275 1197 1281 1206 '

210 1307 257 1372 685
298 1297 450 1373 Aenean,
469 1298 587 1360 alacris
604 1299 732 1378 palmas
748 1309 906 1380 utrasque
922 1299 1072 1372 tetendit,

299 1399 504 1481 Effusaeque
521 1401 617 1482 genis
634 1402 797 1477 lacrimae,
815 1412 848 1464 et
864 1423 928 1466 vox
943 1401 1063 1465 excidit
1077 1421 1155 1465 ore:

299 1505 459 1568 “Venisti
475 1506 621 1581 tandem,
639 1516 762 1587 tuaque
779 1516 973 1587 exspectata
989 1505 1121 1587 parenti

253 1691 257 1698 Ι
297 1608 386 1672 Vicit
402 1609 464 1671 iter
479 1609 598 1672 durum
621 1609 750 1690 pietas?
773 1610 869 1672 datur
885 1628 943 1671 ora
958 1609 1052 1685 tueri,

299 1713 397 1787 Nate,
415 1723 480 1788 tua,
499 1723 532 1776 et
549 1724 646 1776 notas
662 1715 776 1776 audire
792 1723 826 1776 et
842 1714 980 1777 reddere
996 1713 1119 1777 voces?

210 1829 259 1890 690
299 1817 353 1881 Sic
371 1801 525 1898 equidem
542 1817 705 1879 ducebam
722 1818 833 1880 animo
849 1818 1011 1900 rebarque
1027 1817 1189 1894 futurum,

205 1902 207 1908 ⁵
298 1922 466 2002 Tempora
482 1922 707 1996 dinumerans,
726 1941 788 1984 nec
804 1942 858 1984 me
873 1941 948 1984 mea
964 1942 1043 1984 cura
1059 1922 1191 1985 fefellit.

298 2025 392 2106 Quas
409 2045 472 2104 ego
487 2034 521 2086 te
537 2035 642 2087 terras
659 2034 691 2087 et
708 2036 832 2106 quanta
848 2047 909 2107 per
924 2045 1070 2107 aequora
1085 2036 1219 2088 vectum

298 2128 455 2209 Accipio!
482 2129 616 2209 quantis
632 2129 799 2202 iactatum,
813 2138 900 2205 nate,
919 2129 1068 2210 periclis!

298 2232 407 2313 Quam
427 2232 537 2307 metui,
556 2253 598 2295 ne
615 2233 695 2314 quid
714 2233 840 2317 Libyae
856 2233 917 2296 tibi
932 2253 1037 2313 regna
1053 2243 1214 2296 nocerent
1225 2233 1232 2294 l
1243 2232 1261 2257 ’'

209 2346 256 2410 ⁶95
299 2336 359 2398 llle
375 2346 507 2398 autem:
532 2337 635 2398 “Tua
652 2357 713 2411 me,
732 2338 870 2417 genitor,
888 2346 946 2399 tua
962 2335 1064 2399 tristis
1079 2339 1202 2418 imag0,

298 2439 439 2520 Saepius
456 2447 642 2516 occurrens,
660 2440 743 2503 haec
760 2440 873 2502 limina
889 2441 1026 2503 tendere
1041 2440 1174 2522 adegit:

298 2543 395 2606 Stant
412 2545 480 2606 sale
497 2545 673 2628 Tyrrheno
689 2545 822 2608 classes
872 2544 926 2606 Da
941 2543 1079 2625 iungere
1095 2545 1256 2619 dextram,

299 2648 361 2722 Da,
379 2647 519 2728 genitor,
537 2657 636 2728 teque
653 2647 808 2728 amplexu
824 2667 867 2710 ne
884 2648 1043 2710 subtrahe
1059 2647 1207 2711 nostro.²'

298 2751 352 2814 Sic
369 2771 557 2813 memorans
574 2751 667 2831 largo
683 2751 763 2813 fletu
779 2751 876 2813 simul
893 2771 951 2814 ora
967 2749 1105 2832 rigabat.

210 2877 258 2928 700
297 2856 364 2916 Ter
380 2865 520 2917 conatus
537 2855 582 2916 ibi
599 2855 683 2916 collo
700 2855 779 2916 dare
796 2854 951 2917 bracchia
963 2855 1101 2931 circum,

184 2937 188 2944 Ι
296 2959 363 3020 Ter
379 2959 506 3021 frustra
520 2978 718 3038 comprensa
735 2979 854 3020 manus
870 2944 990 3040 effugit
1006 2960 1127 3039 imago,

299 3063 360 3122 Par
376 3061 504 3123 levibus
520 3063 627 3124 ventis
644 3061 835 3143 volucrique
852 3062 1020 3124 simillima*
1032 3081 1160 3125 somno.

341 3166 475 3227 Interea
490 3159 581 3227 videt
596 3166 732 3228 Aeneas
748 3165 782 3226 in
799 3165 884 3228 valle
901 3166 1038 3228 reducta

297 3269 471 3331 Seclusum
488 3289 606 3331 nemus
622 3279 655 3333 et
670 3269 813 3350 virgulta
830 3269 983 3332 sonantia
1000 3270 1112 3345 silvae,

210 3394 255 3447 705
299 3373 562 3454 Lethaeamque,
579 3374 694 3436 domos
711 3351 860 3455 placidas
876 3373 932 3455 qui
948 3382 1132 3454 praenatat,
1151 3393 1293 3437 amnem.

299 3477 400 3539 Hunc
416 3477 540 3539 circum
557 3477 749 3539 innumerae
765 3487 883 3558 gentes
900 3478 1082 3559 populique
1098 3478 1259 3541 volabant
1269 3499 1276 3554 ;

296 3580 349 3642 Ac
365 3580 455 3642 velut
472 3580 505 3641 in
523 3580 627 3660 pratis
643 3581 699 3642 ubi
715 3601 796 3661 apes
812 3591 938 3644 aestate
955 3599 1074 3644 serena

298 3682 451 3744 Floribus
467 3682 616 3745 insidunt
630 3683 739 3758 variis,
757 3693 790 3746 et
807 3685 949 3747 candida
965 3685 1088 3749 circum

202 3765 205 3772 ⁴
299 3784 384 3845 Lilia
400 3785 594 3860 funduntur,
613 3787 729 3866 strepit
740 3787 852 3850 ¹omnis
869 3807 1036 3850 murmure
1053 3808 1205 3870 campus,
