2796 4282
492 327 606 379 LIBER
631 326 801 380 TERTIUS

175 505 232 568 llle
247 506 343 582 haee,
362 506 517 587 deposita
533 506 667 569 tandem
683 505 868 582 formidine,
886 506 994 569 latur:

216 611 328 674 “Sum
347 610 457 691 patria
473 630 513 672 ex
530 611 656 686 Ithaca,
674 631 785 673 eomes
802 609 945 673 infelicis
962 609 1062 686 Ulixi,
1143 593 1148 602 ⁸

174 698 317 776 Nomine
336 714 618 790 Achaemenides,
637 713 770 777 Troiam
788 714 938 795 genitore
955 714 1142 778 Adamasto

88 829 135 894 615
174 819 324 900 Paupere
335 854 379 864 -
390 819 633 901 mansissetque
645 818 775 881 ¹utinam
792 819 945 882 fortuna!
957 855 1000 864 -
1011 819 1190 901 profectus

173 921 237 984 Hic
255 942 319 998 me,
338 923 419 985 dum
436 922 558 1004 trepidi
573 923 719 985 crudelia
736 922 849 985 limina
865 923 1026 1005 linquunt,

172 1027 394 1089 Immemores
411 1026 490 1089 socii
505 1036 600 1089 vasto
617 1026 774 1111 Cyclopis
791 1027 824 1089 in
841 1036 936 1090 antro

174 1131 373 1194 Deseruere.
423 1131 552 1194 Domus
569 1131 661 1194 sanie
678 1131 885 1213 dapibusque
902 1131 1055 1206 cruentis

172 1230 268 1294 Intus
286 1251 404 1312 opaca,
422 1231 550 1312 ingens.
600 1232 679 1312 Ipse
696 1231 829 1307 arduus,
847 1232 979 1314 altaque
997 1233 1107 1314 pulsat

89 1345 133 1395 620
172 1334 345 1398 Sidera—
356 1337 410 1412 Di,
428 1336 528 1398 talem
544 1335 640 1399 terris
657 1336 795 1399 avertite
813 1346 941 1417 pestem
954 1337 960 1399 l
971 1373 1015 1382 -—

172 1439 245 1503 Nec
261 1439 337 1502 visu
354 1439 463 1502 facilis
480 1460 541 1503 nec
558 1440 646 1503 dictu
665 1440 819 1503 adfabilis
836 1440 902 1502 ulli.

170 1543 365 1608 Visceribus
382 1544 578 1606 miserorum
594 1553 628 1607 et
644 1544 806 1626 sanguine
822 1545 966 1608 vescitur
983 1555 1062 1610 atro.

170 1648 247 1711 Vidi
264 1657 409 1729 egomet,
427 1648 493 1711 duo
510 1649 551 1711 de
567 1669 705 1711 numero
723 1668 798 1711 cum
815 1669 955 1730 corpora
970 1660 1084 1713 nostro

172 1753 298 1816 Prensa
314 1772 417 1814 manu
434 1773 557 1834 magna
573 1752 682 1815 medio
699 1751 875 1834 resupinus
891 1754 925 1815 in
941 1764 1037 1816 antro

86 1867 131 1934 625
173 1857 361 1938 Frangeret
377 1857 419 1919 ad
436 1877 560 1932 saxum,
580 1859 737 1939 sanieque
754 1876 913 1938 exspersa
928 1867 1082 1921 natarent

173 1961 325 2035 Limina;
350 1961 419 2022 vidi
434 1971 505 2024 atro
522 1982 597 2024 cum
615 1961 764 2024 membra
780 1961 918 2025 fluentia
933 1961 1011 2024 tabo

172 2065 361 2142 Manderet,
379 2073 413 2128 et
428 2065 533 2147 tepidi
550 2075 731 2129 tremerent
748 2066 809 2128 sub
826 2065 982 2128 dentibus
998 2075 1098 2129 artus.

172 2169 275 2233 Haud
292 2169 429 2250 impune
446 2169 598 2251 quidem;
623 2189 686 2233 nec
702 2169 780 2232 talia
797 2189 916 2251 passus
934 2171 1059 2245 Ulixes,
1112 2217 1113 2221 ,

170 2273 349 2338 Oblitusve
366 2273 416 2336 sui
432 2284 483 2337 est
501 2275 637 2338 Ithacus
654 2273 842 2337 discrimine
858 2283 960 2337 tanto.

85 2389 131 2454 630
171 2378 260 2440 Nam
278 2378 378 2440 simul
394 2377 545 2460 expletus
562 2377 703 2460 dapibus
720 2378 864 2460 vinoque
881 2379 1030 2460 sepultus

171 2482 345 2546 Cervicem
361 2481 514 2546 inflexam
533 2483 651 2565 posuit,
669 2482 835 2564 iacuitque
852 2503 912 2565 per
928 2493 1059 2545 antrum

172 2586 372 2662 Immensus,
391 2579 517 2671 saniem
535 2597 691 2650 eructans
708 2598 742 2650 et
757 2587 865 2651 frusta
881 2596 1018 2650 cruento

172 2691 234 2754 Per
250 2711 405 2754 somnum
422 2692 600 2754 commixta
615 2711 718 2767 mero,
736 2711 806 2766 nos,
824 2711 948 2773 magna
964 2690 1089 2771 precati

148 2830 151 2836 ·
173 2795 322 2858 Numina
339 2795 512 2877 sortitique
527 2796 626 2873 vices,
645 2815 711 2858 una
729 2795 874 2879 undique
890 2795 1011 2858 circum

83 2911 129 2977 ⁶35
173 2900 368 2976 Fundimur,
385 2909 419 2963 et
434 2899 500 2964 telo
516 2900 628 2963 lumen
645 2899 852 2963 terebramus
869 2910 975 2974 acut0,

172 3002 308 3086 Ingens
326 3005 415 3088 quod
431 3005 648 3069 torva-solum
666 3004 727 3066 sub
744 3005 855 3067 fronte
871 3004 1004 3079 latebat,

171 3108 323 3189 Argolici
340 3109 438 3191 clipei
454 3118 511 3172 aut
528 3109 705 3172 Phoebeae
722 3108 885 3190 lampadis
901 3107 1014 3184 instar,

173 3213 217 3275 Et
233 3213 370 3276 tandem
386 3213 464 3276 laeti
481 3215 644 3276 sociorum
661 3213 850 3277 ulciscimur
865 3213 1008 3276 umbras.

217 3317 315 3381 “Sed
331 3317 447 3399 fugite,
465 3339 485 3381 o
501 3319 620 3394 miseri,
638 3319 755 3400 fugite,
774 3327 874 3401 atque
890 3318 932 3381 ab
949 3318 1042 3382 litore
1059 3317 1175 3379 funem

83 3433 130 3494 640
173 3421 342 3503 Rumpite.

173 3525 261 3587 Nam
278 3526 386 3608 qualis
403 3510 613 3609 quantusque
630 3547 711 3591 cavo
730 3527 954 3612 Polyphemus
970 3525 1003 3587 in
1021 3534 1116 3589 antro

174 3629 359 3711 Lanigeras
375 3631 499 3695 claudit
515 3632 661 3713 pecudes
678 3641 777 3713 atque
794 3631 896 3694 ubera
912 3639 1052 3711 pressat,

172 3734 316 3798 Centum
333 3734 388 3798 alii
405 3756 506 3799 curva
522 3737 605 3799 haec
622 3736 773 3798 habitant
790 3735 831 3797 ad
848 3734 944 3797 litora
959 3734 1060 3814 vulgo

174 3839 313 3902 Intandi
329 3840 495 3924 Cyclopes
511 3850 545 3904 et
562 3840 636 3903 altis
653 3839 821 3904 montibus
837 3847 957 3905 errant..
