2800 4286
502 326 616 379 ursan
641 327 773 380 NONUS
1127 338 1184 399 241

170 506 373 588 Purpuream
391 506 498 568 vomit
514 505 569 568 ille
586 506 740 581 animam,
758 516 883 570 etcum
904 509 1068 588 sanguine
1088 506 1188 569 mixta

81 633 133 686 35⁰
170 611 252 673 Vina
268 611 377 674 refert
396 611 561 685 moriens;
587 610 639 674 hic
657 611 747 673 furto
763 610 911 674 fervidus
928 611 1038 674 instat.

170 715 304 796 lamque
321 715 366 778 ad
387 713 540 795 Messapi
556 715 661 778 socios
677 713 845 777 tendebat.
896 715 946 778 lbi
963 715 1075 797 ignem

171 814 321 882 Deficere
339 829 528 882 extremum
544 827 577 882 et
594 819 751 899 religatos
768 819 829 882 rite
846 819 980 884 videbat

170 924 315 1006 Carpere
332 943 477 1004 gramen
494 943 615 1004 equos;
640 922 785 986 breviter
801 943 876 986 cum
893 925 972 986 talia
992 924 1094 986 Nisus

167 1028 294 1108 (Sensit
310 1030 403 1091 enirn
420 1027 523 1088 nimia
539 1028 640 1090 caede
657 1037 756 1109 atque
774 1028 930 1109 cupidine
948 1028 1043 1112 ferri)

82 1156 130 1208 355
171 1139 187 1164 “
199 1132 419 1195 Absistemus
432 1132 449 1155 ”
467 1130 521 1207 ait,
541 1136 646 1193 “nam
666 1133 720 1194 lux
736 1132 869 1196 inimica
890 1133 1099 1215 propinquat.

171 1238 356 1300 Poenarum
374 1237 571 1298 exhaustum
592 1235 671 1298 satis
689 1247 757 1313 est;
783 1238 835 1299 via
852 1237 943 1300 facta
960 1257 1018 1318 per
1035 1236 1178 1299 hostes.”

171 1342 279 1404 Multa
295 1341 405 1402 virum
423 1339 528 1402 solido
544 1350 683 1421 argento
702 1341 851 1421 perfecta
868 1341 1059 1422 relinquunt

170 1447 344 1527 Armaque
360 1452 573 1525 craterasque
590 1444 686 1506 simul
705 1444 1082 1534 pulchrosquetapetas.

171 1549 339 1633 Euryalus
359 1547 514 1628 phaleras
533 1548 731 1611 Rhamnetis
748 1557 781 1611 et
797 1568 897 1611 aurea
913 1548 1011 1611 bullis

84 1665 134 1726 360
171 1653 322 1734 Cingula,
341 1651 473 1714 Tiburti
491 1652 633 1714 Remulo
652 1651 834 1716 ditissimus
850 1653 927 1715 olim

170 1757 265 1838 Quae
283 1757 386 1818 mittit
402 1755 500 1830 dona,
518 1755 662 1837 hospitio
678 1776 752 1820 cum
770 1757 924 1837 iungeret
940 1757 1070 1833 absens

171 1861 354 1935 Caedicus;
380 1858 435 1921 ille
452 1879 511 1921 suo
528 1861 672 1922 moriens
689 1861 746 1922 dat
762 1861 885 1924 habere
902 1861 1024 1942 nepoti,

172 1967 247 2028 Post
265 1974 407 2027 mortem
423 1962 511 2026 bello
530 1963 646 2026 Rutuli
662 1985 841 2046 pugnaque
859 1965 971 2046 potiti;

172 2071 268 2132 Haec
285 2070 382 2149 rapit,
401 2076 501 2149 atque
518 2069 639 2130 umeris
656 2070 858 2150 nequiquam
876 2069 1135 2150 fortibusaptat.

87 2184 131 2249 3⁶5
171 2175 257 2236 Tum
275 2173 408 2254 galeam
428 2171 578 2253 Messapi
594 2171 739 2234 habilem
755 2174 929 2254 cristisque
949 2174 1102 2236 decoram

172 2277 294 2340 Induit.
344 2276 520 2338 Excedunt
536 2275 664 2352 castris,
682 2286 715 2339 et
731 2285 803 2340 tuta
818 2286 1006 2358 capessunt.

215 2383 350 2444 Interea
364 2379 538 2462 praemissi
553 2380 682 2462 equites
699 2400 739 2442 ex
756 2380 836 2444 urbe
856 2381 984 2457 Latina,

171 2487 292 2550 Cetera
308 2485 386 2547 dum
405 2484 491 2565 legio
507 2484 634 2566 campis
647 2486 809 2548 instructa
824 2495 978 2560 moratur,

172 2591 272 2652 lbant
289 2599 322 2652 et
338 2589 453 2651 Turno
470 2588 542 2669 regi
559 2609 720 2670 responsa
737 2588 899 2665 ferebant,

89 2717 132 2769 270
171 2696 400 2768 Tercentum,
418 2694 538 2755 scutati
555 2713 680 2769 omnes,
698 2694 879 2757 Volscente
897 2693 1064 2775 magistro.

172 2799 313 2879 lamque
331 2796 602 2878 propinquabant
620 2797 746 2873 castris,
765 2818 925 2880 muroque
943 2797 1108 2872 subibant,

171 2903 257 2966 Cum
274 2902 392 2983 procul
407 2902 468 2964 hos
485 2901 579 2964 laevo
598 2902 769 2965 flectentes
786 2902 888 2966 limite
906 2911 1054 2977 cernunt,

172 3008 216 3069 Et
233 3007 330 3086 galea
349 3006 532 3089 Euryalum
550 3005 707 3068 sublustri
723 3007 830 3069 noctis
846 3009 878 3068 in
896 3006 1013 3068 umbra

173 3109 320 3172 Prodidit
336 3109 564 3173 immemorem
582 3109 748 3192 radiisque
764 3110 903 3173 adversa
920 3111 1058 3173 refulsit.

88 3238 130 3291 375
174 3214 276 3277 Haud
295 3223 423 3278 temere
443 3222 494 3277 est
515 3214 631 3277 visum.
679 3215 873 3278 Conclamat
897 3214 938 3278 ab
958 3213 1091 3296 agmine
1116 3215 1191 3278 Vol-

261 3337 377 3382 scens:

174 3427 192 3454 “
204 3422 306 3497 State,
324 3421 402 3498 viri;
428 3442 513 3504 quae
529 3443 630 3487 causa
646 3423 741 3486 viae?
765 3423 863 3505 quive
880 3423 959 3486 estis
975 3425 1008 3484 in
1025 3422 1147 3485 armis?

174 3527 292 3608 Quove
309 3527 430 3588 tenetis
448 3526 559 3590 iter?”
608 3527 699 3590 Nihil
716 3527 761 3589 illi
777 3528 915 3591 tendere
932 3537 1056 3602 contra,

174 3631 241 3696 Sed
258 3630 405 3694 celerare
423 3631 537 3712 fugam
554 3631 588 3693 in
607 3631 705 3695 silvas
722 3641 755 3695 et
772 3632 872 3694 fidere
889 3632 986 3695 nocti.

173 3735 335 3800 Obiciunt
351 3735 480 3816 equites
496 3755 569 3798 sese
586 3735 629 3797 ad
645 3734 785 3798 divortia
802 3746 880 3798 nota

90 3850 135 3914 380
176 3839 265 3903 Hinc
283 3849 384 3920 atque
401 3838 487 3914 hinc,
505 3857 705 3920 omnemque
725 3838 851 3900 abitum
867 3839 1005 3900 custode
1021 3845 1189 3900 coronant.

252 3951 370 3998 rnrszs’s
388 3959 489 3995 nauum
498 3975 529 3984 -
540 3948 570 3996 16
