<?xml version="1.0" encoding="UTF-8"?>
<!DOCTYPE html PUBLIC "-//W3C//DTD XHTML 1.0 Transitional//EN"
    "http://www.w3.org/TR/xhtml1/DTD/xhtml1-transitional.dtd">
<html xmlns="http://www.w3.org/1999/xhtml" xml:lang="en" lang="en">
 <head>
  <title>
</title>
<meta http-equiv="Content-Type" content="text/html;charset=utf-8" />
  <meta name='ocr-system' content='tesseract 3.04.00' />
  <meta name='ocr-capabilities' content='ocr_page ocr_carea ocr_par ocr_line ocrx_word'/>
</head>
<body>
  <div class='ocr_page' id='page_1' title='image "./virgilsaeneidbo00denngoog_0344.png"; bbox 0 0 2816 4282; ppageno 0'>
   <div class='ocr_carea' id='block_1_1' title="bbox 403 289 1206 381">
    <p class='ocr_par' dir='ltr' id='par_1_1' title="bbox 403 289 1206 381">
     <span class='ocr_line' id='line_1_1' title="bbox 403 289 1206 381; baseline 0.005 -21"><span class='ocrx_word' id='word_1_1' title='bbox 403 289 417 360; x_wconf 59' lang='grc' dir='ltr'>ᾖ</span> <span class='ocrx_word' id='word_1_2' title='bbox 455 303 570 360; x_wconf 77' lang='lat' dir='ltr'>nrnsn</span> <span class='ocrx_word' id='word_1_3' title='bbox 596 303 854 361; x_wconf 79' lang='lat' dir='ltr'>buobscrruus</span> <span class='ocrx_word' id='word_1_4' title='bbox 1147 313 1206 381; x_wconf 84' lang='lat'>325</span> 
     </span>
    </p>
   </div>
   <div class='ocr_carea' id='block_1_2' title="bbox 108 485 1140 2338">
    <p class='ocr_par' dir='ltr' id='par_1_2' title="bbox 108 485 1140 2338">
     <span class='ocr_line' id='line_1_2' title="bbox 191 485 1119 570; baseline 0.002 -22"><span class='ocrx_word' id='word_1_5' title='bbox 191 485 334 550; x_wconf 85' lang='lat' dir='ltr'><strong>Abstulit</strong></span> <span class='ocrx_word' id='word_1_6' title='bbox 350 505 434 550; x_wconf 89' lang='lat' dir='ltr'>ense</span> <span class='ocrx_word' id='word_1_7' title='bbox 451 495 562 567; x_wconf 89' lang='lat' dir='ltr'>caput,</span> <span class='ocrx_word' id='word_1_8' title='bbox 580 495 801 569; x_wconf 90' lang='lat' dir='ltr'>truncumque</span> <span class='ocrx_word' id='word_1_9' title='bbox 818 487 948 570; x_wconf 90' lang='lat' dir='ltr'>reliquit</span> <span class='ocrx_word' id='word_1_10' title='bbox 965 488 1119 552; x_wconf 83' lang='lat' dir='ltr'>harenae.</span> 
     </span>
     <span class='ocr_line' id='line_1_3' title="bbox 231 589 1133 672; baseline 0.001 -19"><span class='ocrx_word' id='word_1_11' title='bbox 231 591 343 672; x_wconf 85' lang='lat' dir='ltr'><strong>Atque</strong></span> <span class='ocrx_word' id='word_1_12' title='bbox 359 611 401 654; x_wconf 91' lang='lat' dir='ltr'>ea</span> <span class='ocrx_word' id='word_1_13' title='bbox 419 590 499 652; x_wconf 91' lang='lat' dir='ltr'>dum</span> <span class='ocrx_word' id='word_1_14' title='bbox 517 591 643 672; x_wconf 90' lang='lat' dir='ltr'>campis</span> <span class='ocrx_word' id='word_1_15' title='bbox 659 589 763 654; x_wconf 92' lang='lat' dir='ltr'>victor</span> <span class='ocrx_word' id='word_1_16' title='bbox 779 592 836 654; x_wconf 90' lang='lat' dir='ltr'>dat</span> <span class='ocrx_word' id='word_1_17' title='bbox 853 592 972 654; x_wconf 82' lang='lat' dir='ltr'>funera</span> <span class='ocrx_word' id='word_1_18' title='bbox 990 593 1133 667; x_wconf 90' lang='lat' dir='ltr'>Turnus,</span> 
     </span>
     <span class='ocr_line' id='line_1_4' title="bbox 193 695 1018 759; baseline 0.002 -3"><span class='ocrx_word' id='word_1_19' title='bbox 193 697 319 758; x_wconf 83' lang='lat' dir='ltr'>Interea</span> <span class='ocrx_word' id='word_1_20' title='bbox 335 696 481 759; x_wconf 86' lang='lat' dir='ltr'>Aenean</span> <span class='ocrx_word' id='word_1_21' title='bbox 500 695 699 758; x_wconf 88' lang='lat' dir='ltr'>Mnestheus</span> <span class='ocrx_word' id='word_1_22' title='bbox 715 705 749 758; x_wconf 90' lang='lat' dir='ltr'>et</span> <span class='ocrx_word' id='word_1_23' title='bbox 764 695 850 758; x_wconf 89' lang='lat' dir='ltr'>lidus</span> <span class='ocrx_word' id='word_1_24' title='bbox 867 697 1018 759; x_wconf 91' lang='lat' dir='ltr'>Achates</span> 
     </span>
     <span class='ocr_line' id='line_1_5' title="bbox 112 800 1049 881; baseline 0.004 -23"><span class='ocrx_word' id='word_1_25' title='bbox 112 809 153 875; x_wconf 83' lang='lat'>385</span> <span class='ocrx_word' id='word_1_26' title='bbox 192 800 422 881; x_wconf 86' lang='lat' dir='ltr'>Ascaniusque</span> <span class='ocrx_word' id='word_1_27' title='bbox 440 819 552 863; x_wconf 92' lang='lat' dir='ltr'>comes</span> <span class='ocrx_word' id='word_1_28' title='bbox 568 801 685 863; x_wconf 87' lang='lat' dir='ltr'>castris</span> <span class='ocrx_word' id='word_1_29' title='bbox 702 809 848 862; x_wconf 84' lang='lat' dir='ltr'>statuere</span> <span class='ocrx_word' id='word_1_30' title='bbox 864 810 1049 876; x_wconf 90' lang='lat' dir='ltr'>cruentum,</span> 
     </span>
     <span class='ocr_line' id='line_1_6' title="bbox 191 903 962 986; baseline 0.001 -20"><span class='ocrx_word' id='word_1_31' title='bbox 191 905 346 967; x_wconf 90' lang='lat' dir='ltr'>Alternos</span> <span class='ocrx_word' id='word_1_32' title='bbox 362 903 465 984; x_wconf 87' lang='lat' dir='ltr'>longa</span> <span class='ocrx_word' id='word_1_33' title='bbox 483 904 643 967; x_wconf 89' lang='lat' dir='ltr'>nitentem</span> <span class='ocrx_word' id='word_1_34' title='bbox 661 904 799 986; x_wconf 89' lang='lat' dir='ltr'>cuspide</span> <span class='ocrx_word' id='word_1_35' title='bbox 818 924 962 986; x_wconf 86' lang='lat' dir='ltr'>gressus.</span> 
     </span>
     <span class='ocr_line' id='line_1_7' title="bbox 191 994 1087 1083; baseline -0.002 -11"><span class='ocrx_word' id='word_1_36' title='bbox 191 1008 308 1083; x_wconf 90' lang='lat' dir='ltr'>Saevit,</span> <span class='ocrx_word' id='word_1_37' title='bbox 326 1017 360 1071; x_wconf 92' lang='lat' dir='ltr'>et</span> <span class='ocrx_word' id='word_1_38' title='bbox 377 1007 522 1070; x_wconf 84' lang='lat' dir='ltr'>infracta</span> <span class='ocrx_word' id='word_1_39' title='bbox 539 1009 682 1071; x_wconf 89' lang='lat' dir='ltr'>luctatur</span> <span class='ocrx_word' id='word_1_40' title='bbox 698 1008 861 1071; x_wconf 91' lang='lat' dir='ltr'>arundine</span> <span class='ocrx_word' id='word_1_41' title='bbox 880 1009 983 1071; x_wconf 90' lang='lat' dir='ltr'>telum</span> <span class='ocrx_word' id='word_1_42' title='bbox 1084 994 1087 1000; x_wconf 42' lang='lat'><strong><em>¹</em></strong></span> 
     </span>
     <span class='ocr_line' id='line_1_8' title="bbox 191 1111 1078 1194; baseline 0.001 -20"><span class='ocrx_word' id='word_1_43' title='bbox 191 1113 334 1194; x_wconf 88' lang='lat' dir='ltr'>Eripere,</span> <span class='ocrx_word' id='word_1_44' title='bbox 353 1112 543 1193; x_wconf 89' lang='lat' dir='ltr'>auxilioque</span> <span class='ocrx_word' id='word_1_45' title='bbox 558 1111 656 1187; x_wconf 88' lang='lat' dir='ltr'>viam,</span> <span class='ocrx_word' id='word_1_46' title='bbox 674 1133 759 1194; x_wconf 86' lang='lat' dir='ltr'>quae</span> <span class='ocrx_word' id='word_1_47' title='bbox 778 1113 935 1194; x_wconf 87' lang='lat' dir='ltr'>proxima,</span> <span class='ocrx_word' id='word_1_48' title='bbox 954 1112 1078 1194; x_wconf 88' lang='lat' dir='ltr'>poscit;</span> 
     </span>
     <span class='ocr_line' id='line_1_9' title="bbox 189 1207 961 1298; baseline -0.001 -20"><span class='ocrx_word' id='word_1_49' title='bbox 189 1217 277 1280; x_wconf 86' lang='lat' dir='ltr'>Ense</span> <span class='ocrx_word' id='word_1_50' title='bbox 293 1225 411 1280; x_wconf 89' lang='lat' dir='ltr'>secent</span> <span class='ocrx_word' id='word_1_51' title='bbox 427 1207 640 1290; x_wconf 77' lang='lat' dir='ltr'>lato‘vulnus,</span> <span class='ocrx_word' id='word_1_52' title='bbox 658 1216 782 1298; x_wconf 90' lang='lat' dir='ltr'>telique</span> <span class='ocrx_word' id='word_1_53' title='bbox 800 1216 961 1279; x_wconf 90' lang='lat' dir='ltr'>latebram</span> 
     </span>
     <span class='ocr_line' id='line_1_10' title="bbox 108 1319 1140 1402; baseline -0.001 -20"><span class='ocrx_word' id='word_1_54' title='bbox 108 1343 152 1392; x_wconf 86' lang='lat'>390</span> <span class='ocrx_word' id='word_1_55' title='bbox 190 1320 394 1384; x_wconf 88' lang='lat' dir='ltr'>Rescindant</span> <span class='ocrx_word' id='word_1_56' title='bbox 412 1321 556 1400; x_wconf 91' lang='lat' dir='ltr'>penitus,</span> <span class='ocrx_word' id='word_1_57' title='bbox 574 1339 713 1402; x_wconf 91' lang='lat' dir='ltr'>seseque</span> <span class='ocrx_word' id='word_1_58' title='bbox 730 1320 763 1382; x_wconf 90' lang='lat' dir='ltr'>in</span> <span class='ocrx_word' id='word_1_59' title='bbox 779 1319 867 1383; x_wconf 90' lang='lat' dir='ltr'>bella</span> <span class='ocrx_word' id='word_1_60' title='bbox 884 1321 1062 1382; x_wconf 88' lang='lat' dir='ltr'>remittant.</span> <span class='ocrx_word' id='word_1_61' title='bbox 1136 1378 1140 1382; x_wconf 88' lang='grc'><em>,</em></span> 
     </span>
     <span class='ocr_line' id='line_1_11' title="bbox 231 1423 1133 1508; baseline -0.002 -21"><span class='ocrx_word' id='word_1_62' title='bbox 231 1425 371 1507; x_wconf 89' lang='lat' dir='ltr'>Iamque</span> <span class='ocrx_word' id='word_1_63' title='bbox 389 1424 506 1487; x_wconf 88' lang='lat' dir='ltr'>aderat</span> <span class='ocrx_word' id='word_1_64' title='bbox 523 1424 658 1488; x_wconf 92' lang='lat' dir='ltr'>Phoebo</span> <span class='ocrx_word' id='word_1_65' title='bbox 674 1433 752 1488; x_wconf 87' lang='lat' dir='ltr'>ante</span> <span class='ocrx_word' id='word_1_66' title='bbox 769 1425 851 1488; x_wconf 89' lang='lat' dir='ltr'>alios</span> <span class='ocrx_word' id='word_1_67' title='bbox 868 1424 1009 1488; x_wconf 90' lang='lat' dir='ltr'>dilectus</span> <span class='ocrx_word' id='word_1_68' title='bbox 1027 1423 1133 1508; x_wconf 87' lang='lat' dir='ltr'>Iapyx</span> 
     </span>
     <span class='ocr_line' id='line_1_12' title="bbox 189 1528 929 1610; baseline 0.001 -20"><span class='ocrx_word' id='word_1_69' title='bbox 189 1529 324 1601; x_wconf 89' lang='lat' dir='ltr'>Iasides,</span> <span class='ocrx_word' id='word_1_70' title='bbox 343 1529 410 1591; x_wconf 92' lang='lat' dir='ltr'>acri</span> <span class='ocrx_word' id='word_1_71' title='bbox 428 1528 595 1608; x_wconf 89' lang='lat' dir='ltr'>quondam</span> <span class='ocrx_word' id='word_1_72' title='bbox 613 1530 665 1591; x_wconf 91' lang='lat' dir='ltr'>cui</span> <span class='ocrx_word' id='word_1_73' title='bbox 682 1537 800 1610; x_wconf 91' lang='lat' dir='ltr'>captus</span> <span class='ocrx_word' id='word_1_74' title='bbox 816 1548 929 1591; x_wconf 89' lang='lat' dir='ltr'>amore</span> 
     </span>
     <span class='ocr_line' id='line_1_13' title="bbox 187 1632 988 1715; baseline 0.001 -21"><span class='ocrx_word' id='word_1_75' title='bbox 187 1633 264 1715; x_wconf 88' lang='lat' dir='ltr'>lpse</span> <span class='ocrx_word' id='word_1_76' title='bbox 281 1653 360 1695; x_wconf 90' lang='lat' dir='ltr'>suas</span> <span class='ocrx_word' id='word_1_77' title='bbox 378 1641 478 1706; x_wconf 73' lang='lat' dir='ltr'>artes</span> <span class='ocrx_word' id='word_1_78' title='bbox 496 1652 556 1696; x_wconf 90' lang='lat' dir='ltr'>sua</span> <span class='ocrx_word' id='word_1_79' title='bbox 572 1653 720 1707; x_wconf 88' lang='lat' dir='ltr'>munera,</span> <span class='ocrx_word' id='word_1_80' title='bbox 739 1633 846 1695; x_wconf 91' lang='lat' dir='ltr'>laetus</span> <span class='ocrx_word' id='word_1_81' title='bbox 863 1632 988 1715; x_wconf 85' lang='lat' dir='ltr'>Apollo</span> 
     </span>
     <span class='ocr_line' id='line_1_14' title="bbox 187 1736 1115 1819; baseline -0.001 -20"><span class='ocrx_word' id='word_1_82' title='bbox 187 1736 377 1818; x_wconf 83' lang='lat' dir='ltr'>Augurium</span> <span class='ocrx_word' id='word_1_83' title='bbox 394 1736 623 1818; x_wconf 87' lang='lat' dir='ltr'>citharamque</span> <span class='ocrx_word' id='word_1_84' title='bbox 639 1736 740 1800; x_wconf 88' lang='lat' dir='ltr'>dabat</span> <span class='ocrx_word' id='word_1_85' title='bbox 756 1737 948 1819; x_wconf 88' lang='lat' dir='ltr'>celeresque</span> <span class='ocrx_word' id='word_1_86' title='bbox 966 1737 1115 1817; x_wconf 86' lang='lat' dir='ltr'>sagittas.</span> 
     </span>
     <span class='ocr_line' id='line_1_15' title="bbox 109 1839 917 1922; baseline 0.001 -20"><span class='ocrx_word' id='word_1_87' title='bbox 109 1863 149 1916; x_wconf 82' lang='lat'>395</span> <span class='ocrx_word' id='word_1_88' title='bbox 189 1841 257 1917; x_wconf 87' lang='lat' dir='ltr'>Ille,</span> <span class='ocrx_word' id='word_1_89' title='bbox 276 1851 312 1904; x_wconf 92' lang='lat' dir='ltr'>ut</span> <span class='ocrx_word' id='word_1_90' title='bbox 329 1839 475 1921; x_wconf 91' lang='lat' dir='ltr'>depositi</span> <span class='ocrx_word' id='word_1_91' title='bbox 492 1841 657 1922; x_wconf 85' lang='lat' dir='ltr'>proferret</span> <span class='ocrx_word' id='word_1_92' title='bbox 673 1841 743 1903; x_wconf 85' lang='lat' dir='ltr'>fata</span> <span class='ocrx_word' id='word_1_93' title='bbox 760 1840 917 1922; x_wconf 90' lang='lat' dir='ltr'>parentis,</span> 
     </span>
     <span class='ocr_line' id='line_1_16' title="bbox 187 1945 1088 2027; baseline -0.007 -17"><span class='ocrx_word' id='word_1_94' title='bbox 187 1946 277 2010; x_wconf 87' lang='lat' dir='ltr'>Scire</span> <span class='ocrx_word' id='word_1_95' title='bbox 295 1954 482 2027; x_wconf 90' lang='lat' dir='ltr'>potestates</span> <span class='ocrx_word' id='word_1_96' title='bbox 498 1945 675 2007; x_wconf 89' lang='lat' dir='ltr'>herbarum</span> <span class='ocrx_word' id='word_1_97' title='bbox 693 1963 857 2026; x_wconf 88' lang='lat' dir='ltr'>usumque</span> <span class='ocrx_word' id='word_1_98' title='bbox 873 1945 1028 2008; x_wconf 88' lang='lat' dir='ltr'>medendi</span> <span class='ocrx_word' id='word_1_99' title='bbox 1084 1997 1088 2004; x_wconf 88' lang='lat'><em>.</em></span> 
     </span>
     <span class='ocr_line' id='line_1_17' title="bbox 188 2048 920 2129; baseline 0 -19"><span class='ocrx_word' id='word_1_100' title='bbox 188 2049 305 2112; x_wconf 89' lang='lat' dir='ltr'>Maluit</span> <span class='ocrx_word' id='word_1_101' title='bbox 321 2057 355 2112; x_wconf 90' lang='lat' dir='ltr'>et</span> <span class='ocrx_word' id='word_1_102' title='bbox 372 2057 482 2111; x_wconf 90' lang='lat' dir='ltr'>mutas</span> <span class='ocrx_word' id='word_1_103' title='bbox 499 2048 628 2129; x_wconf 87' lang='lat' dir='ltr'>agitare</span> <span class='ocrx_word' id='word_1_104' title='bbox 644 2048 805 2129; x_wconf 89' lang='lat' dir='ltr'>inglorius</span> <span class='ocrx_word' id='word_1_105' title='bbox 822 2058 920 2111; x_wconf 88' lang='lat' dir='ltr'>artes.</span> 
     </span>
     <span class='ocr_line' id='line_1_18' title="bbox 187 2151 1117 2242; baseline -0.004 -26"><span class='ocrx_word' id='word_1_106' title='bbox 187 2153 304 2217; x_wconf 87' lang='lat' dir='ltr'>Stabat</span> <span class='ocrx_word' id='word_1_107' title='bbox 322 2153 444 2242; x_wconf 67' lang='lat' dir='ltr'>acegba</span> <span class='ocrx_word' id='word_1_108' title='bbox 460 2152 617 2228; x_wconf 84' lang='lat' dir='ltr'>fremens,</span> <span class='ocrx_word' id='word_1_109' title='bbox 636 2151 807 2233; x_wconf 88' lang='lat' dir='ltr'>ingentem</span> <span class='ocrx_word' id='word_1_110' title='bbox 824 2151 920 2214; x_wconf 87' lang='lat' dir='ltr'>nixus</span> <span class='ocrx_word' id='word_1_111' title='bbox 936 2154 969 2214; x_wconf 92' lang='lat' dir='ltr'>in</span> <span class='ocrx_word' id='word_1_112' title='bbox 989 2153 1117 2215; x_wconf 88' lang='lat' dir='ltr'>hastam</span> 
     </span>
     <span class='ocr_line' id='line_1_19' title="bbox 187 2256 977 2338; baseline -0.003 -18"><span class='ocrx_word' id='word_1_113' title='bbox 187 2258 333 2333; x_wconf 87' lang='lat' dir='ltr'>Aeneas,</span> <span class='ocrx_word' id='word_1_114' title='bbox 353 2276 477 2338; x_wconf 87' lang='lat' dir='ltr'>magno</span> <span class='ocrx_word' id='word_1_115' title='bbox 494 2256 650 2319; x_wconf 88' lang='lat' dir='ltr'>iuvenum</span> <span class='ocrx_word' id='word_1_116' title='bbox 668 2266 702 2319; x_wconf 90' lang='lat' dir='ltr'>et</span> <span class='ocrx_word' id='word_1_117' title='bbox 718 2257 896 2320; x_wconf 88' lang='lat' dir='ltr'>maerentis</span> <span class='ocrx_word' id='word_1_118' title='bbox 914 2257 977 2318; x_wconf 91' lang='lat' dir='ltr'>Iuli</span> 
     </span>
    </p>
   </div>
   <div class='ocr_carea' id='block_1_3' title="bbox 14 2359 988 2436">
    <p class='ocr_par' dir='ltr' id='par_1_3' title="bbox 14 2359 988 2436">
     <span class='ocr_line' id='line_1_20' title="bbox 14 2359 988 2436; baseline 0.003 -16"><span class='ocrx_word' id='word_1_119' title='bbox 14 2373 15 2380; x_wconf 53' lang='lat'>¹</span> <span class='ocrx_word' id='word_1_120' title='bbox 110 2385 151 2431; x_wconf 79' lang='lat'>400</span> <span class='ocrx_word' id='word_1_121' title='bbox 188 2362 372 2436; x_wconf 92' lang='lat' dir='ltr'>Concursu,</span> <span class='ocrx_word' id='word_1_122' title='bbox 391 2360 535 2423; x_wconf 91' lang='lat' dir='ltr'>lacrimis</span> <span class='ocrx_word' id='word_1_123' title='bbox 550 2359 737 2424; x_wconf 89' lang='lat' dir='ltr'>immobilis.</span> <span class='ocrx_word' id='word_1_124' title='bbox 788 2360 848 2424; x_wconf 91' lang='lat' dir='ltr'>Ille</span> <span class='ocrx_word' id='word_1_125' title='bbox 865 2369 988 2423; x_wconf 88' lang='lat' dir='ltr'>retorto</span> 
     </span>
    </p>
   </div>
   <div class='ocr_carea' id='block_1_4' title="bbox 111 2464 1206 3902">
    <p class='ocr_par' dir='ltr' id='par_1_4' title="bbox 189 2464 1109 2858">
     <span class='ocr_line' id='line_1_21' title="bbox 190 2464 1044 2539; baseline -0.001 -12"><span class='ocrx_word' id='word_1_126' title='bbox 190 2466 370 2529; x_wconf 89' lang='lat' dir='ltr'>Paeonium</span> <span class='ocrx_word' id='word_1_127' title='bbox 387 2464 421 2528; x_wconf 92' lang='lat' dir='ltr'>in</span> <span class='ocrx_word' id='word_1_128' title='bbox 439 2485 563 2527; x_wconf 89' lang='lat' dir='ltr'>morem</span> <span class='ocrx_word' id='word_1_129' title='bbox 581 2464 691 2528; x_wconf 90' lang='lat' dir='ltr'>senior</span> <span class='ocrx_word' id='word_1_130' title='bbox 707 2465 896 2528; x_wconf 89' lang='lat' dir='ltr'>succinctus</span> <span class='ocrx_word' id='word_1_131' title='bbox 912 2466 1044 2539; x_wconf 89' lang='lat' dir='ltr'>amictu,</span> 
     </span>
     <span class='ocr_line' id='line_1_22' title="bbox 189 2567 1109 2650; baseline 0 -19"><span class='ocrx_word' id='word_1_132' title='bbox 189 2570 297 2632; x_wconf 90' lang='lat' dir='ltr'>Multa</span> <span class='ocrx_word' id='word_1_133' title='bbox 314 2589 415 2631; x_wconf 90' lang='lat' dir='ltr'>manu</span> <span class='ocrx_word' id='word_1_134' title='bbox 433 2568 563 2631; x_wconf 92' lang='lat' dir='ltr'>medica</span> <span class='ocrx_word' id='word_1_135' title='bbox 581 2567 772 2650; x_wconf 88' lang='lat' dir='ltr'>Phoebique</span> <span class='ocrx_word' id='word_1_136' title='bbox 790 2567 982 2650; x_wconf 90' lang='lat' dir='ltr'>potentibus</span> <span class='ocrx_word' id='word_1_137' title='bbox 999 2567 1109 2631; x_wconf 90' lang='lat' dir='ltr'>herbis</span> 
     </span>
     <span class='ocr_line' id='line_1_23' title="bbox 189 2671 1070 2755; baseline -0.003 -19"><span class='ocrx_word' id='word_1_138' title='bbox 189 2673 402 2755; x_wconf 88' lang='lat' dir='ltr'>Nequiquam</span> <span class='ocrx_word' id='word_1_139' title='bbox 419 2672 574 2753; x_wconf 87' lang='lat' dir='ltr'>trepidat,</span> <span class='ocrx_word' id='word_1_140' title='bbox 592 2673 794 2754; x_wconf 90' lang='lat' dir='ltr'>nequiquam</span> <span class='ocrx_word' id='word_1_141' title='bbox 812 2672 940 2753; x_wconf 89' lang='lat' dir='ltr'>spicula</span> <span class='ocrx_word' id='word_1_142' title='bbox 955 2671 1070 2734; x_wconf 89' lang='lat' dir='ltr'>dextra</span> 
     </span>
     <span class='ocr_line' id='line_1_24' title="bbox 189 2775 995 2858; baseline -0.004 -17"><span class='ocrx_word' id='word_1_143' title='bbox 189 2776 351 2845; x_wconf 86' lang='lat' dir='ltr'>Sollicitat</span> <span class='ocrx_word' id='word_1_144' title='bbox 370 2785 573 2858; x_wconf 91' lang='lat' dir='ltr'>prensatque</span> <span class='ocrx_word' id='word_1_145' title='bbox 589 2777 700 2850; x_wconf 86' lang='lat' dir='ltr'>tenaci</span> <span class='ocrx_word' id='word_1_146' title='bbox 716 2776 844 2858; x_wconf 85' lang='lat' dir='ltr'>forcipe</span> <span class='ocrx_word' id='word_1_147' title='bbox 860 2775 995 2838; x_wconf 86' lang='lat' dir='ltr'>ferrum.</span> 
     </span>
    </p>

    <p class='ocr_par' dir='ltr' id='par_1_5' title="bbox 111 2879 1206 3170">
     <span class='ocr_line' id='line_1_25' title="bbox 111 2879 1048 2961; baseline 0.004 -23"><span class='ocrx_word' id='word_1_148' title='bbox 111 2903 151 2956; x_wconf 83' lang='lat'>405</span> <span class='ocrx_word' id='word_1_149' title='bbox 191 2880 292 2942; x_wconf 89' lang='lat' dir='ltr'>Nulla</span> <span class='ocrx_word' id='word_1_150' title='bbox 308 2880 396 2943; x_wconf 92' lang='lat' dir='ltr'>viam</span> <span class='ocrx_word' id='word_1_151' title='bbox 416 2880 564 2942; x_wconf 90' lang='lat' dir='ltr'>Fortuna</span> <span class='ocrx_word' id='word_1_152' title='bbox 581 2879 675 2961; x_wconf 87' lang='lat' dir='ltr'>regit,</span> <span class='ocrx_word' id='word_1_153' title='bbox 693 2879 775 2942; x_wconf 91' lang='lat' dir='ltr'>nihil</span> <span class='ocrx_word' id='word_1_154' title='bbox 793 2889 907 2943; x_wconf 90' lang='lat' dir='ltr'>auctor</span> <span class='ocrx_word' id='word_1_155' title='bbox 924 2879 1048 2961; x_wconf 93' lang='lat' dir='ltr'>Apollo</span> 
     </span>
     <span class='ocr_line' id='line_1_26' title="bbox 190 2983 1146 3065; baseline -0.003 -17"><span class='ocrx_word' id='word_1_156' title='bbox 190 2983 372 3059; x_wconf 89' lang='lat' dir='ltr'>Subvenit;</span> <span class='ocrx_word' id='word_1_157' title='bbox 397 2984 433 3046; x_wconf 86' lang='lat' dir='ltr'>et&#39;</span> <span class='ocrx_word' id='word_1_158' title='bbox 447 3004 567 3048; x_wconf 91' lang='lat' dir='ltr'>saevus</span> <span class='ocrx_word' id='word_1_159' title='bbox 583 2985 710 3065; x_wconf 89' lang='lat' dir='ltr'>campis</span> <span class='ocrx_word' id='word_1_160' title='bbox 727 2983 833 3064; x_wconf 90' lang='lat' dir='ltr'>magis</span> <span class='ocrx_word' id='word_1_161' title='bbox 851 3003 889 3047; x_wconf 92' lang='lat' dir='ltr'>ac</span> <span class='ocrx_word' id='word_1_162' title='bbox 907 2983 1013 3064; x_wconf 92' lang='lat' dir='ltr'>magis</span> <span class='ocrx_word' id='word_1_163' title='bbox 1031 2985 1146 3046; x_wconf 91' lang='lat' dir='ltr'>horror</span> 
     </span>
     <span class='ocr_line' id='line_1_27' title="bbox 191 3086 1206 3170; baseline -0.001 -20"><span class='ocrx_word' id='word_1_164' title='bbox 191 3087 388 3163; x_wconf 87' lang='lat' dir='ltr'>Crebrescit,</span> <span class='ocrx_word' id='word_1_165' title='bbox 400 3088 603 3170; x_wconf 89' lang='lat' dir='ltr'>propiusque</span> <span class='ocrx_word' id='word_1_166' title='bbox 616 3088 738 3151; x_wconf 90' lang='lat' dir='ltr'>malum</span> <span class='ocrx_word' id='word_1_167' title='bbox 753 3086 812 3151; x_wconf 88' lang='lat' dir='ltr'>e&#39;st.</span> <span class='ocrx_word' id='word_1_168' title='bbox 846 3089 918 3150; x_wconf 91' lang='lat' dir='ltr'>lam</span> <span class='ocrx_word' id='word_1_169' title='bbox 931 3089 1066 3168; x_wconf 90' lang='lat' dir='ltr'>pulvere</span> <span class='ocrx_word' id='word_1_170' title='bbox 1079 3087 1206 3150; x_wconf 85' lang='lat' dir='ltr'>caelum</span> 
     </span>
    </p>

    <p class='ocr_par' dir='ltr' id='par_1_6' title="bbox 116 3190 1135 3902">
     <span class='ocr_line' id='line_1_28' title="bbox 149 3190 1135 3275; baseline -0.004 -18"><span class='ocrx_word' id='word_1_171' title='bbox 149 3190 151 3195; x_wconf 73' lang='grc'><strong>’</strong></span> <span class='ocrx_word' id='word_1_172' title='bbox 191 3193 286 3257; x_wconf 87' lang='lat' dir='ltr'>Stare</span> <span class='ocrx_word' id='word_1_173' title='bbox 303 3192 427 3268; x_wconf 82' lang='lat' dir='ltr'>vident,</span> <span class='ocrx_word' id='word_1_174' title='bbox 444 3193 653 3274; x_wconf 89' lang='lat' dir='ltr'>subeuntque</span> <span class='ocrx_word' id='word_1_175' title='bbox 670 3194 807 3275; x_wconf 89' lang='lat' dir='ltr'>equites,</span> <span class='ocrx_word' id='word_1_176' title='bbox 825 3201 859 3255; x_wconf 92' lang='lat' dir='ltr'>et</span> <span class='ocrx_word' id='word_1_177' title='bbox 875 3191 1003 3274; x_wconf 79' lang='lat' dir='ltr'>spicula</span> <span class='ocrx_word' id='word_1_178' title='bbox 1019 3190 1135 3254; x_wconf 89' lang='lat' dir='ltr'>castris</span> 
     </span>
     <span class='ocr_line' id='line_1_29' title="bbox 194 3296 1115 3373; baseline -0.003 -13"><span class='ocrx_word' id='word_1_179' title='bbox 194 3297 306 3360; x_wconf 87' lang='lat' dir='ltr'>Densa</span> <span class='ocrx_word' id='word_1_180' title='bbox 321 3297 446 3360; x_wconf 88' lang='lat' dir='ltr'>cadunt</span> <span class='ocrx_word' id='word_1_181' title='bbox 463 3297 598 3373; x_wconf 91' lang='lat' dir='ltr'>mediis;</span> <span class='ocrx_word' id='word_1_182' title='bbox 622 3298 647 3360; x_wconf 91' lang='lat' dir='ltr'>it</span> <span class='ocrx_word' id='word_1_183' title='bbox 662 3296 765 3360; x_wconf 90' lang='lat' dir='ltr'>tristis</span> <span class='ocrx_word' id='word_1_184' title='bbox 781 3298 823 3359; x_wconf 90' lang='lat' dir='ltr'>ad</span> <span class='ocrx_word' id='word_1_185' title='bbox 840 3297 976 3360; x_wconf 89' lang='lat' dir='ltr'>aethera</span> <span class='ocrx_word' id='word_1_186' title='bbox 991 3296 1115 3359; x_wconf 87' lang='lat' dir='ltr'>elamor</span> 
     </span>
     <span class='ocr_line' id='line_1_30' title="bbox 116 3400 1110 3476; baseline 0.003 -18"><span class='ocrx_word' id='word_1_187' title='bbox 116 3424 157 3471; x_wconf 89' lang='lat'>410</span> <span class='ocrx_word' id='word_1_188' title='bbox 194 3401 380 3476; x_wconf 88' lang='lat' dir='ltr'>Bellantum</span> <span class='ocrx_word' id='word_1_189' title='bbox 397 3401 554 3464; x_wconf 90' lang='lat' dir='ltr'>iuvenum</span> <span class='ocrx_word' id='word_1_190' title='bbox 570 3412 603 3466; x_wconf 90' lang='lat' dir='ltr'>et</span> <span class='ocrx_word' id='word_1_191' title='bbox 619 3401 701 3464; x_wconf 92' lang='lat' dir='ltr'>duro</span> <span class='ocrx_word' id='word_1_192' title='bbox 719 3400 779 3464; x_wconf 90' lang='lat' dir='ltr'>sub</span> <span class='ocrx_word' id='word_1_193' title='bbox 799 3403 908 3465; x_wconf 90' lang='lat' dir='ltr'>Marte</span> <span class='ocrx_word' id='word_1_194' title='bbox 924 3401 1110 3465; x_wconf 91' lang='lat' dir='ltr'>cadentum.</span> 
     </span>
     <span class='ocr_line' id='line_1_31' title="bbox 235 3505 1000 3586; baseline 0.001 -19"><span class='ocrx_word' id='word_1_195' title='bbox 235 3506 302 3569; x_wconf 93' lang='lat' dir='ltr'>Hic</span> <span class='ocrx_word' id='word_1_196' title='bbox 318 3506 444 3581; x_wconf 89' lang='lat' dir='ltr'>Venus,</span> <span class='ocrx_word' id='word_1_197' title='bbox 461 3505 599 3586; x_wconf 89' lang='lat' dir='ltr'>indigno</span> <span class='ocrx_word' id='word_1_198' title='bbox 616 3507 685 3568; x_wconf 92' lang='lat' dir='ltr'>nati</span> <span class='ocrx_word' id='word_1_199' title='bbox 701 3525 863 3569; x_wconf 88' lang='lat' dir='ltr'>concussa</span> <span class='ocrx_word' id='word_1_200' title='bbox 879 3505 1000 3580; x_wconf 88' lang='lat' dir='ltr'>dolore,</span> 
     </span>
     <span class='ocr_line' id='line_1_32' title="bbox 194 3609 1001 3692; baseline -0.001 -20"><span class='ocrx_word' id='word_1_201' title='bbox 194 3609 409 3674; x_wconf 89' lang='lat' dir='ltr'>Dictamnum</span> <span class='ocrx_word' id='word_1_202' title='bbox 425 3611 576 3692; x_wconf 87' lang='lat' dir='ltr'>genetrix</span> <span class='ocrx_word' id='word_1_203' title='bbox 593 3611 733 3674; x_wconf 86' lang='lat' dir='ltr'>Cretaea</span> <span class='ocrx_word' id='word_1_204' title='bbox 749 3611 856 3692; x_wconf 90' lang='lat' dir='ltr'>carpit</span> <span class='ocrx_word' id='word_1_205' title='bbox 872 3609 913 3672; x_wconf 89' lang='lat' dir='ltr'>ab</span> <span class='ocrx_word' id='word_1_206' title='bbox 932 3610 1001 3684; x_wconf 87' lang='lat' dir='ltr'>Ida,</span> 
     </span>
     <span class='ocr_line' id='line_1_33' title="bbox 193 3709 975 3778; baseline -0.001 -2"><span class='ocrx_word' id='word_1_207' title='bbox 193 3713 376 3778; x_wconf 91' lang='lat' dir='ltr'>Puberibus</span> <span class='ocrx_word' id='word_1_208' title='bbox 393 3715 521 3778; x_wconf 87' lang='lat' dir='ltr'>caulem</span> <span class='ocrx_word' id='word_1_209' title='bbox 538 3715 626 3778; x_wconf 85' lang='lat' dir='ltr'>foliis</span> <span class='ocrx_word' id='word_1_210' title='bbox 644 3709 676 3778; x_wconf 84' lang='lat' dir='ltr'>et</span> <span class='ocrx_word' id='word_1_211' title='bbox 693 3715 772 3778; x_wconf 92' lang='lat' dir='ltr'>flore</span> <span class='ocrx_word' id='word_1_212' title='bbox 789 3723 975 3778; x_wconf 89' lang='lat' dir='ltr'>comantem</span> 
     </span>
     <span class='ocr_line' id='line_1_34' title="bbox 192 3816 956 3902; baseline -0.004 -20"><span class='ocrx_word' id='word_1_213' title='bbox 192 3821 382 3902; x_wconf 89' lang='lat' dir='ltr'>Purpureo;</span> <span class='ocrx_word' id='word_1_214' title='bbox 407 3839 474 3882; x_wconf 91' lang='lat' dir='ltr'>non</span> <span class='ocrx_word' id='word_1_215' title='bbox 491 3819 546 3882; x_wconf 90' lang='lat' dir='ltr'>illa</span> <span class='ocrx_word' id='word_1_216' title='bbox 562 3819 642 3882; x_wconf 86' lang='lat' dir='ltr'>feris</span> <span class='ocrx_word' id='word_1_217' title='bbox 659 3817 828 3900; x_wconf 87' lang='lat' dir='ltr'>incognita</span> <span class='ocrx_word' id='word_1_218' title='bbox 846 3816 956 3898; x_wconf 84' lang='lat' dir='ltr'>capris</span> 
     </span>
    </p>
   </div>
   <div class='ocr_carea' id='block_1_5' title="bbox 0 0 1412 4282">
    <p class='ocr_par' dir='ltr' id='par_1_7' title="bbox 0 0 1412 4282">
     <span class='ocr_line' id='line_1_35' title="bbox 0 0 1412 4282; baseline 0 0"><span class='ocrx_word' id='word_1_219' title='bbox 0 0 1412 4282; x_wconf 95' lang='lat' dir='ltr'> </span> 
     </span>
    </p>
   </div>
  </div>
 </body>
</html>
