2822 4294
451 309 568 362 LIBER
595 310 799 362 SECUNDUS

146 489 377 556 Attollentem
394 499 463 557 iras
479 503 514 556 et
528 493 660 557 caerula
676 493 761 558 colla
779 503 981 571 tumentem;

148 594 255 660 Haud
272 617 372 660 secus
390 597 593 679 Androgees
609 606 681 661 visu
699 600 916 662 tremefactus
933 599 1053 662 abibat.

197 701 378 779 Inruimus,
397 703 510 765 densis
526 712 560 765 et
575 703 873 766 circumfundimur
890 712 998 779 armis,

148 804 365 889 Ignaresque
383 808 448 869 loci
464 805 587 888 passim
603 817 637 870 et
653 807 830 870 formidine
847 815 962 891 captes

148 907 351 974 Sternimus.
403 911 567 993 Adspirat
584 920 690 994 prime
706 913 841 975 iortr‘ma
859 913 970 975 labeni.

147 1014 267 1098 Atque
284 1015 339 1079 hic
357 1023 515 1079 successe
532 1017 701 1080 exsultans
718 1019 903 1099 animisque
925 1016 1095 1082 Coroebus

149 1124 169 1151 ‘⁴
184 1105 215 1184 D
234 1119 326 1196 socii,
344 1127 412 1202 que
429 1121 563 1202 prima’'
581 1119 688 1203 inquit
706 1123 870 1184 “fortena
886 1120 1001 1186 salutis

149 1222 323 1287 Menstrat
340 1223 413 1300 iter,
431 1232 561 1307 quaque
578 1226 724 1288 ostendit
739 1234 775 1288 se
791 1227 915 1302 dextra,
934 1233 1129 1308 sequemur;

149 1326 328 1392 Mutemus
345 1327 480 1410 clipeos,
501 1331 724 1412 Danaumque
740 1330 884 1411 insignia
902 1330 996 1393 nebis

151 1433 335 1514 Aptemus.
386 1434 494 1496 Dolus
510 1455 551 1496 an
569 1435 683 1510 virttis,
701 1435 775 1517 quis
791 1435 824 1498 in
845 1435 939 1498 hoste
956 1433 1123 1517 requirat?

148 1538 261 1601 Arma
277 1537 407 1600 dabunt
424 1536 518 1620 ipsi.''
568 1540 622 1604 Sic
639 1541 739 1615 fetus
758 1538 879 1603 deinde
896 1549 1082 1604 comantem

149 1641 330 1724 Androgei
346 1643 478 1723 galeam
495 1643 659 1725 clipeique
676 1654 806 1725 insigne
823 1644 980 1708 decerum

151 1745 318 1823 Induitur,
336 1747 498 1829 laterique
515 1749 680 1830 Argivum
697 1750 926 1812 accommodat
943 1757 1065 1812 ensem.

152 1853 230 1914 Hec
251 1853 413 1933 RipheuS,
432 1852 494 1916 hec
510 1853 582 1933 ipse
602 1855 730 1938 Dymes
747 1856 921 1936 omnisque
937 1855 1092 1916 iuventtis
1170 1897 1175 1904 -

152 1957 261 2019 Laeta
278 1956 378 2032 facit;
404 1956 518 2038 spoliis
535 1964 571 2020 se
587 1957 727 2040 quisque
743 1959 932 2022 recentibus
949 1967 1063 2021 armat.

150 2060 316 2124 Vidimus
333 2060 474 2122 immixti
491 2063 617 2125 Danais
636 2063 724 2151 haud
741 2063 878 2126 nemine
895 2067 1017 2137 nostre,

152 2165 332 2248 Multaque
350 2186 410 2248 per
427 2186 559 2230 caecam
577 2176 749 2249 congressi
765 2167 890 2248 proelia
907 2176 1038 2230 noctem

40 2299 42 2304 ¹
152 2271 380 2345 Censerimus,
400 2272 519 2335 multes
539 2273 694 2335 Danaum
711 2272 915 2336 demittimus
932 2271 1030 2336 Orco.

153 2375 352 2456 Diffugiunt
368 2375 424 2436 alii
439 2376 481 2438 ad
498 2383 609 2452 neves
627 2387 661 2440 et
677 2379 772 2440 litora
788 2385 885 2442 cursu

152 2480 239 2542 Fida
256 2489 396 2561 petunt;
422 2500 498 2561 pars
515 2480 684 2562 ingentem
702 2481 879 2546 formidine
895 2491 985 2564 turpi

151 2583 330 2648 Scandunt
345 2591 460 2648 rursus
476 2606 598 2668 equum
615 2597 649 2650 et
664 2594 743 2650 nete
759 2588 948 2651 conduntur
963 2587 996 2650 in
1013 2587 1095 2649 alvo.

199 2689 278 2752 Heu
295 2689 377 2751 nihil
394 2689 504 2753 invitis
520 2691 573 2752 ies
589 2712 791 2774 quemquam
808 2692 913 2754 fidere
929 2692 1030 2754 divis!
1129 2694 1132 2700 '

153 2793 245 2857 Ecce
261 2792 456 2856 trahebatur
471 2805 579 2875 passis
596 2797 757 2859 Priameia
773 2796 866 2878 virge

151 2897 310 2962 Crinibus
326 2905 346 2960 ἒι
362 2899 488 2980 temple
504 2899 694 2963 Cassandra
711 2901 886 2986 adytisque
905 2902 1087 2976 Minervae,

152 3003 211 3064 Ad
229 3004 358 3065 caelum
375 3003 516 3065 tendens
532 3004 683 3068 {ardentia
699 3005 825 3068 lumina
841 3007 973 3081 frustra,
986 3039 1027 3050 -—

153 3105 309 3181 Lumina,
327 3127 405 3169 nam
422 3115 553 3172 teneres
570 3109 729 3172 arcebant
745 3091 876 3173 vincula
893 3111 1029 3192 palmas

154 3212 232 3273 Neu
248 3211 324 3274 tulit
341 3212 428 3274 hanc
446 3214 590 3294 speciem
607 3214 729 3277 furiete
746 3225 857 3278 mente
874 3215 1054 3289 Coroebus,

154 3315 200 3378 Et
215 3323 289 3378 sese
305 3316 450 3378 medium
468 3317 578 3381 iniecit
595 3317 762 3400 periturus
779 3318 811 3382 in
828 3327 958 3401 egmen.

153 3417 399 3502 Censequimur
416 3428 526 3484 cuncti
542 3433 576 3486 et
593 3424 704 3486 densis
721 3423 918 3487 incurrimus
935 3433 1043 3486 armis.

18 3601 19 3606 ἵ
73 3546 114 3590 410
154 3524 222 3586 Hic
239 3534 382 3606 primurn
400 3545 440 3588 ex
456 3526 523 3589 alte
539 3528 669 3590 delubri
684 3529 827 3591 culmine
844 3529 917 3591 telis

153 3627 355 3692 Nostrerum
372 3629 550 3708 obruimur,
569 3632 738 3715 oriturque
756 3631 937 3695 miserrima
954 3632 1073 3696 caedes

152 3733 336 3796 Armorum
352 3734 438 3797 facie
454 3745 487 3798 et
504 3737 678 3800 Greierum
695 3744 805 3799 errere
822 3736 982 3799 iubarum.
1042 3763 1045 3770 ¹

196 3837 285 3900 Tum
303 3835 415 3901 Danai
426 3839 551 3922 gemitui
569 3849 669 3926 atque
686 3847 820 3925 ereptae
837 3839 974 3924 virginis
989 3846 1038 3904 ire
