2800 4286
181 254 183 259 ’
216 266 275 345 178
569 265 725 320 veroni
753 225 951 318 Aruernos

344 445 461 530 “Quis
478 445 593 529 procul
609 443 663 508 ille
679 454 790 508 autem
808 443 906 508 ramis
921 442 1062 525 insignis
1079 442 1188 507 olivae

300 553 403 619 Sacra
419 531 555 614 ferens?
602 550 714 613 Nosco
730 548 838 612 crines
854 549 1040 630 incanaque
1057 556 1173 610 menta

211 668 260 718 810
300 657 404 738 Regis
423 654 576 727 Romani,
594 655 734 734 primam
751 651 807 734 qui
824 651 953 732 legibus
968 651 1085 714 urbem

300 758 478 834 Fundabit,
497 757 640 823 Curibus
657 756 767 838 parvis
783 765 816 818 et
833 775 980 836 paupere
997 764 1086 819 terra

302 865 427 927 Missus
442 863 475 924 in
493 861 668 941 imperium
685 879 853 941 magnum.
901 858 964 923 Cui
980 859 1102 922 deinde
1117 857 1253 934 subibit,

300 967 378 1031 Otia
396 968 451 1048 qui
468 975 599 1046 rumpet
617 963 744 1044 patriae
761 963 952 1044 residesque
968 962 1117 1026 movebit

299 1071 417 1133 Tullus
432 1071 466 1131 in
483 1087 575 1130 arma
590 1069 679 1129 viros
696 1077 729 1130 et
745 1053 810 1129 iam
827 1067 966 1130 desueta
982 1066 1162 1147 triumphis

211 1180 259 1245 815
298 1174 455 1255 Agmina.
504 1172 613 1254 Quem
629 1173 720 1234 iuxta
736 1171 885 1253 sequitur
899 1170 1073 1234 iactantior
1091 1170 1219 1245 Ancus

301 1278 400 1340 Nunc
418 1296 549 1359 quoque
565 1276 631 1338 iam
649 1275 786 1336 nimium
804 1274 955 1356 gaudens
972 1274 1191 1355 popularibus
1206 1273 1309 1336 auris

298 1381 359 1446 Vis
375 1391 408 1444 et
423 1379 622 1462 Tarquinios
639 1398 746 1459 reges,
764 1380 975 1460 animamque
991 1379 1171 1460 superbam

299 1485 427 1550 Ultoris
445 1485 548 1559 Bruti,
566 1485 742 1564 fascesque
758 1481 873 1546 videre
890 1481 1065 1564 receptos?

299 1589 453 1656 Consulis
469 1587 643 1669 imperium
661 1587 714 1650 hic
731 1585 857 1668 primus
873 1607 1057 1669 saevasque
1071 1605 1209 1651 secures

210 1704 260 1754 820
298 1692 463 1774 Accipiet,
481 1701 644 1773 natosque
661 1700 756 1772 pater
773 1711 860 1754 nova
876 1690 964 1754 bella
980 1701 1156 1768 moventes

298 1797 355 1860 Ad
372 1815 514 1877 poenam
532 1795 672 1877 pulchra
689 1815 749 1876 pro
766 1795 917 1858 libertate
932 1794 1072 1870 vocabit,

300 1900 441 1962 Infelix!
489 1900 682 1980 Utcumque
698 1899 809 1962 ferent
824 1919 864 1961 ea
880 1899 970 1962 facta
986 1898 1143 1974 minores

298 2004 419 2068 Vincet
435 2023 528 2066 amor
544 2002 671 2083 patriae
688 2002 891 2084 laudumque
907 2003 1069 2066 immensa
1085 2003 1216 2084 cupido.

299 2108 389 2189 Quin
409 2106 530 2170 Decios
549 2108 744 2189 Drusosque
762 2107 877 2188 procul
895 2105 1098 2189 saevumque
1115 2108 1222 2170 securi

210 2217 257 2283 825
298 2210 426 2290 Aspice
442 2211 649 2292 Torquatum
666 2219 700 2273 et
715 2210 917 2273 referentem
934 2209 1031 2292 signa
1048 2210 1235 2275 Camillum.

344 2320 361 2346 “
377 2315 460 2377 Illae
476 2324 598 2389 autem,
616 2315 751 2395 paribus
768 2335 851 2396 quas
868 2315 998 2395 fulgere
1015 2313 1124 2377 cernis
1140 2314 1174 2376 in
1191 2313 1298 2388 armis

299 2418 491 2483 Concordes
507 2417 638 2480 animae
655 2437 743 2480 nunc
760 2427 794 2480 et
809 2419 889 2480 dum
906 2428 1004 2482 nocte
1021 2426 1226 2500 premuntur,

301 2522 378 2584 Heu
396 2530 556 2603 quantum
573 2521 659 2584 inter
675 2541 711 2584 se
727 2521 861 2598 bellum,
879 2522 908 2584 si
922 2521 1048 2584 lumina
1063 2523 1152 2585 vitae

299 2623 491 2705 Attigerint,
510 2634 652 2706 quantas
668 2625 756 2688 acies
774 2634 988 2708 stragemque
1004 2625 1149 2702 ciebunt,

212 2734 262 2797 830
302 2727 494 2808 Aggeribus
512 2747 604 2790 socer
621 2728 755 2809 Alpinis
773 2738 873 2811 atque
890 2748 966 2792 arce
985 2729 1142 2793 Monoeci

300 2831 529 2906 Descendens
547 2851 650 2912 gener
667 2832 816 2896 adversis
832 2833 1014 2897 instructus
1032 2833 1130 2896 Eois!

300 2935 361 3009 Ne,
380 2934 482 3015 pueri,
499 2955 541 2997 ne
558 2945 651 2998 tanta
668 2936 787 2999 animis
803 2937 990 3000 adsuescite
1005 2935 1102 3012 bella,

300 3038 376 3099 Neu
392 3039 518 3117 patriae
533 3039 660 3101 validas
676 3039 710 3102 in
726 3039 853 3104 viscera
868 3041 987 3104 vertite
1001 3043 1089 3104 vires
1103 3062 1111 3117 ;

298 3140 417 3222 Tuque
434 3141 531 3222 prior,
549 3151 584 3204 tu
602 3163 712 3225 parce,
730 3163 837 3225 genus
854 3146 910 3226 qui
926 3145 1020 3208 ducis
1038 3145 1196 3230 Olympo,

211 3246 258 3313 835
301 3243 413 3305 Proice
430 3245 496 3307 tela
512 3265 622 3321 manu,
641 3247 777 3328 sanguis
794 3249 905 3311 meus!

300 3346 361 3408 Ille
377 3347 581 3429 triumphata
597 3350 763 3431 Capitolia
779 3352 821 3413 ad
839 3351 906 3414 alta
923 3351 1085 3416 Corintho

298 3448 413 3512 Victor
429 3461 506 3531 aget
522 3469 653 3514 currum
670 3453 777 3522 caesis
793 3455 934 3536 insignis
951 3456 1102 3518 Achivis.
1138 3538 1142 3544 Ι

300 3551 404 3614 Eruet
419 3553 473 3614 ille
489 3554 602 3635 Argos
618 3556 970 3640 Agamemnoniasque
989 3561 1163 3644 Mycenas,

301 3653 482 3735 ipsumque
499 3658 679 3733 Aeaciden,
697 3679 804 3740 genus
821 3663 1051 3744 armipotentis
1068 3663 1205 3740 Achilli,

213 3763 261 3824 840
302 3754 402 3818 Ultus
418 3775 497 3820 avos
513 3760 642 3835 Troiae,
659 3763 785 3844 templa
800 3775 834 3828 et
850 3774 1013 3830 temerata
1030 3767 1215 3832 Minervae.
