2800 4286
498 263 615 316 LIBER
642 262 773 316 NONUS

160 436 360 523 Confixique
380 441 452 504 suis
468 443 594 504 telis'et
611 453 745 522 pectora
762 440 844 503 duro

160 542 359 608 Transfossi
378 547 474 626 ligno
490 545 638 607 veniunt.
686 546 751 608 Vix
768 565 854 607 unus
872 544 1023 607 Helenor

85 667 123 719 545
162 647 203 708 Et
222 649 340 732 Lycus
357 643 486 731 elapsi;
512 669 653 731 quorum
671 648 859 730 primaevus
878 649 1036 722 Helenor,

162 752 323 816 Maeonio
342 755 417 834 regi
433 773 533 835 quem
551 773 646 817 serva
666 753 839 837 Licymnia
857 752 970 815 furtim

161 855 356 920 Sustulerat
373 857 553 939 vetitisque
570 857 612 919 ad
628 857 762 919 Troiam
782 857 917 919 miserat
933 856 1042 930 armis,

163 960 257 1023 Ense
273 962 360 1024 levis
378 962 470 1025 nudo
487 981 669 1043 parmaque
685 951 847 1042 inglorius
864 961 947 1024 alba.

163 1064 267 1147 Isque
284 1065 345 1128 ubi
363 1085 400 1128 se
416 1065 521 1127 Turni
538 1065 647 1128 media
663 1066 748 1128 inter
765 1066 853 1127 milia
869 1066 959 1140 vidit,

84 1187 125 1239 55ο
165 1168 258 1232 Hinc
276 1169 370 1232 acies
387 1179 486 1251 atque
503 1169 581 1232 hinc
598 1169 685 1232 acies
702 1179 811 1232 astare
830 1169 986 1261 Latinas:

164 1273 214 1336 Ut
231 1275 317 1348 fera,
337 1294 433 1356 quae,
451 1273 556 1336 densa
571 1283 752 1336 venantum
770 1283 886 1354 saepta
902 1292 1040 1348 corona,-

166 1377 295 1440 Contra
312 1378 380 1440 tela
397 1377 486 1453 furit,
505 1397 643 1460 seseque
661 1378 749 1440 haud
766 1379 879 1440 nescia
895 1377 993 1440 morti

169 1481 269 1545 Inicit
285 1476 321 1546 et
337 1482 423 1545 saltu
440 1502 543 1563 supra
558 1482 722 1544 venabula
739 1483 862 1560 fertur;

170 1585 273 1648 Haud
291 1586 387 1648 aliter
402 1585 533 1649 iuvenis
550 1586 675 1648 medios
692 1589 868 1649 moriturus
885 1587 918 1649 in
935 1587 1049 1650 hostes
1108 1590 1111 1595 ’

88 1708 129 1760 555
171 1688 289 1764 Inruit,
308 1699 350 1763 et,
369 1711 434 1772 qua
450 1691 519 1752 tela
533 1689 624 1752 videt
640 1689 846 1766 densissima,
863 1692 978 1754 tendit.

214 1795 263 1856 At
279 1794 422 1876 pedibus
439 1795 539 1875 longe
555 1795 670 1857 melior
688 1795 800 1878 Lycus
816 1795 900 1858 inter
916 1805 949 1858 et
965 1796 1078 1878 hostes

173 1899 266 1961 Inter
282 1908 316 1962 et
332 1919 425 1960 arma
441 1899 525 1979 fuga
542 1919 653 1961 muros
669 1908 769 1974 tenet,
789 1899 922 1981 altaque
938 1909 1042 1962 certat

175 2003 339 2065 Prendere
356 2011 445 2065 tecta
462 2022 563 2064 manu
580 2004 773 2084 sociumque
789 2004 955 2084 attingere
971 2003 1112 2066 dextras.

176 2107 283 2188 Quem
299 2108 446 2181 Turnus,
465 2107 588 2186 pariter
604 2127 701 2170 cursu
717 2108 850 2188 teloque
867 2117 1009 2182 secutus,

95 2219 137 2280 5⁶0
177 2211 333 2292 Increpat
350 2210 401 2272 his
417 2211 538 2273 victor:
564 2215 582 2242 ‘⁴
595 2211 625 2274 N
629 2221 779 2274 ostrasne
795 2211 946 2286 evadere,
963 2212 1111 2287 demenS,

177 2314 325 2396 Sperasti
341 2324 374 2376 te
391 2334 491 2396 posse
509 2335 626 2378 manus
637 2315 649 2376 ?
660 2315 677 2339 ”
704 2315 800 2382 simul
820 2315 935 2396 arripit
950 2317 1060 2396 ipsum

176 2419 389 2492 Pendentem,
407 2426 441 2480 ct
457 2439 579 2499 magna
595 2421 680 2481 muri
696 2439 771 2481 curn
790 2429 883 2500 parte
899 2420 1046 2483 revellit:

176 2522 291 2603 Qualis
308 2522 365 2585 ubi
382 2531 439 2584 aut
456 2521 601 2603 leporem
619 2533 677 2586 aut
693 2523 848 2586 candenti
865 2543 1002 2604 corpore
1019 2543 1159 2608 cycnum

176 2626 315 2690 Sustulit
332 2626 399 2688 alta
416 2635 534 2707 petens
552 2627 693 2708 pedibus
710 2627 799 2689 Iovis
817 2629 959 2708 armiger
976 2628 1079 2702 uncis,

96 2739 137 2804 565
175 2731 373 2812 Quaesitum
391 2739 449 2792 aut
465 2732 560 2792 matri
577 2731 689 2794 multis
705 2731 871 2794 balatibus
887 2751 1012 2812 agnum

177 2835 319 2897 Martius
336 2855 355 2896 a
371 2833 510 2896 stabulis
525 2836 636 2916 rapuit
652 2835 760 2916 lupus,
809 2835 966 2918 Undique
984 2836 1107 2898 clamor

175 2938 334 3013 Tollitur;
359 2937 520 3001 invadunt
537 2949 571 3001 et
587 2940 696 3002 fossas
713 2960 836 3021 aggere
854 2940 1040 3021 complent;

175 3042 345 3105 Ardentes
362 3042 478 3104 taedas
495 3043 549 3106 alii
565 3044 607 3105 ad
624 3031 759 3125 fastigia
774 3044 906 3107 iactant.

221 3146 369 3209 Ilioneus
381 3166 467 3209 -saxo
483 3156 583 3228 atque
599 3149 725 3228 ingenti
743 3148 909 3229 fragmine
925 3149 1047 3211 montis

98 3271 139 3322 570
178 3251 363 3326 Lucetium,
384 3259 500 3332 portae
517 3251 713 3314 subeuntem
731 3251 891 3334 ignesque
908 3253 1081 3328 ferentem,

178 3355 381 3418 Emathiona
407 3355 516 3435 Liger,
536 3355 747 3440 Corynaeum
765 3356 880 3420 sternit
896 3357 1019 3431 Asilas

179 3460 244 3522 Hic
261 3460 370 3522 iaculo
386 3458 502 3535 bonus
521 3458 574 3522 hic
590 3459 689 3540 longe
706 3460 843 3523 fallente
860 3460 999 3542 sagitta;

178 3562 356 3646 Ortygium
376 3561 539 3638 Caeneus,
557 3565 715 3626 victorem
734 3565 867 3628 Caenea
885 3566 1028 3640 Turnus,

14 3651 17 3665 ’
77 3656 83 3666 ’
178 3666 312 3730 Turnus
330 3668 418 3750 Itym
437 3667 666 3750 Cloniumque,
686 3667 891 3749 Dioxippum
910 3670 1173 3749 Promolumque,

97 3792 137 3846 575
181 3771 223 3832 Et
241 3770 393 3852 Sagarim
412 3780 444 3832 et
461 3773 598 3834 summis
614 3781 758 3836 stantem
776 3792 835 3853 pro
851 3772 996 3835 turribus
1022 3772 1123 3844 ldan;
