2796 4282
196 305 237 370 92
553 292 711 346 VERGILI
736 291 934 346 AENEIDOS

286 475 406 556 Longa
422 474 537 556 procul
553 473 662 554 longis
677 475 730 535 via
747 471 862 535 dividit
876 473 965 534 invia
981 470 1087 534 terris.

284 579 377 642 Ante
393 587 427 641 et
443 577 616 640 Trinacria
632 577 809 641 lentandus
825 596 935 640 remus
951 577 984 637 in
1002 575 1102 650 unda,

198 697 244 763 385
287 685 331 748 Et
348 683 425 746 salis
442 682 585 746 Ausonii
600 682 806 744 lustrandum
824 681 963 743 navibus
979 699 1105 761 aequor

286 787 481 870 infernique
499 787 589 850 lacus
606 786 807 867 Aeaeaeque
824 785 930 848 insula
947 785 1072 860 Circae,

286 892 395 975 Quam
413 901 484 954 tuta
501 893 609 973 possis
626 890 740 952 urbem
758 909 957 971 componere
973 899 1069 952 terra.

286 997 391 1078 Signa
407 996 466 1059 tibi
482 996 609 1072 dicam3
634 1004 670 1058 tu
686 995 819 1058 condita
836 1003 945 1058 mente
960 1002 1093 1057 teneto:

286 1102 370 1165 Cum
387 1100 447 1163 tibi
463 1100 603 1164 sollicito
620 1099 738 1162 secreti
754 1100 795 1161 ad
813 1098 956 1161 fluminis
973 1098 1096 1160 undam

198 1232 245 1284 390
288 1205 429 1272 Litoreis
445 1205 565 1285 ingens
581 1204 717 1267 inventa
732 1203 793 1266 sub
810 1202 937 1266 ilicibus
953 1223 1009 1266 sus

284 1309 438 1390 Triginta
453 1308 600 1391 capitum
618 1309 707 1371 fetus
723 1307 819 1371 enixa
835 1306 963 1381 iacebit,

286 1415 385 1489 Alba,
404 1414 474 1476 solo
490 1413 663 1488 recubans,
682 1412 748 1474 albi
764 1411 887 1475 circum
904 1411 1006 1474 ubera
1021 1411 1100 1486 nati,

287 1519 321 1580 Is
337 1518 429 1580 locus
446 1517 537 1580 urbis
553 1517 624 1592 erit,
642 1515 773 1598 requies
789 1537 829 1579 ea
845 1525 935 1579 certa
952 1515 1109 1578 laborum.

287 1622 359 1685 Nec
375 1632 411 1684 tu
429 1641 618 1684 mensarum
636 1641 765 1686 morsus
782 1621 936 1682 horresce
953 1620 1082 1682 futuros
1092 1640 1099 1694 ;

198 1753 244 1805 395
287 1727 372 1789 Fata
388 1726 475 1787 viam
493 1725 662 1788 invenient
680 1725 854 1807 aderitque,
867 1733 1002 1786 vocatus
1019 1724 1154 1804 Apollo.

331 1831 434 1892 “Has
451 1840 563 1892 autern
580 1839 693 1904 terras,
713 1829 854 1911 Italique
871 1829 957 1890 hanc
974 1827 1076 1890 litoris
1092 1847 1195 1901 oram,

287 1936 438 1997 Proxima
455 1955 539 2016 quae
558 1936 662 1997 nostri
679 1933 890 2014 perfunditur
907 1931 1058 2014 aequoris
1074 1940 1179 2005 aestu,

288 2039 429 2118 Effuge3
456 2047 577 2101 cuncta
594 2038 687 2099 malis
705 2037 896 2099 habitantur
912 2035 1042 2098 moenia
1059 2035 1165 2098 Grais,

287 2141 353 2204 Hic
370 2151 402 2204 et
421 2142 557 2226 Narycii
575 2150 757 2222 posuerunt
774 2140 904 2203 moenia
921 2140 1027 2214 Locri,

197 2272 245 2318 400
287 2246 330 2308 Et
348 2245 551 2310 Sallentinos
567 2245 696 2308 obsedit
713 2243 814 2307 milite
831 2264 968 2325 campos

287 2349 426 2433 Lyctius
444 2350 663 2425 ldorneneus3
690 2349 741 2411 hic
759 2349 814 2410 illa
830 2348 923 2410 ducis
942 2346 1098 2410 Meliboei

287 2449 392 2516 Parva
410 2453 614 2516 Philoctetae
631 2454 770 2516 subnixa
788 2453 911 2516 Petelia
928 2472 1029 2515 muro.

286 2556 386 2638 Quin,
404 2557 461 2619 ubi
476 2558 692 2620 transmissae
710 2557 860 2620 steterint
875 2565 968 2619 trans
984 2574 1129 2637 aequora
1144 2554 1265 2617 classes

286 2662 330 2723 Et
347 2661 462 2742 positis
479 2661 543 2724 aris
561 2661 626 2722 iarn
643 2671 721 2724 vota
737 2663 770 2722 in
787 2661 882 2723 litore
898 2660 1014 2733 solves

113 2772 114 2776 ’
198 2790 245 2843 405
287 2766 459 2846 Purpureo
475 2767 585 2828 velare
603 2787 715 2829 comas
732 2766 911 2846 adopertus
928 2763 1059 2839 amictu,

287 2870 339 2931 Ne
356 2869 523 2951 quainter
540 2880 672 2932 sanctos
690 2870 784 2949 ignes
800 2869 833 2930 in
851 2869 975 2930 honore
991 2868 1128 2930 deorum

287 2973 429 3036 Hostilis
446 2974 549 3036 iacies
567 2983 716 3036 occurrat
732 2980 766 3034 et
783 2972 893 3035 omina
908 2971 1027 3034 turbet.

286 3076 388 3140 Hunc
406 3077 485 3141 socii
502 3098 626 3140 morem
644 3097 822 3151 sacrorum,
839 3077 927 3138 hunc
942 3077 1015 3156 ipse
1031 3084 1163 3139 teneto:

287 3181 362 3243 Hac
379 3182 462 3244 casti
478 3191 635 3243 maneant
651 3181 684 3242 in
702 3181 862 3261 religione
879 3189 1025 3261 nepotes.

197 3309 244 3356 410
331 3285 425 3346 “Ast
441 3285 498 3346 ubi
514 3286 700 3365 digressum
720 3284 850 3349 Siculae
867 3295 899 3346 te
916 3285 1099 3346 admoverit
1115 3301 1193 3346 orae

285 3388 415 3450 Ventus
431 3397 464 3450 et
481 3389 612 3469 angusti
631 3397 801 3451 rarescent
817 3388 960 3451 claustra
977 3388 1093 3464 Pelori,

287 3489 400 3552 Laeva
415 3491 474 3553 tibi
489 3493 587 3554 tellus
603 3502 636 3555 et
652 3494 753 3573 longo
770 3494 865 3555 laeva
881 3503 1037 3574 petantur

285 3592 446 3674 Aequora
462 3595 618 3670 circuitu;
644 3597 795 3658 dextrum
813 3597 894 3676 fuge
910 3596 987 3659 litus
1003 3605 1036 3658 et
1053 3595 1168 3658 undas

288 3695 384 3754 Haec
400 3695 472 3755 loca
488 3696 520 3757 vi
536 3699 703 3776 quondam
721 3708 754 3760 et
771 3709 864 3760 vasta
881 3700 1040 3762 convulsa
1056 3699 1205 3761 ruina-

149 3855 151 3859 .
199 3820 246 3870 415
285 3796 432 3856 Tantum
450 3797 521 3857 aevi
538 3799 720 3880 longinqua
736 3801 823 3863 valet
841 3811 967 3865 mutare
985 3812 1133 3866 vetustas
1144 3841 1188 3848 —
