2816 4282
454 291 570 344 LIBER
596 290 857 346 DUODECIMUS

83 479 140 544 580
189 470 337 546 Aeneas,
356 490 546 553 magnaque
562 469 691 534 incusat
707 490 788 534 voce
807 471 986 554 Latinum„

189 575 411 656 Testaturque
428 575 510 637 deos
526 575 644 638 iterum
662 593 698 638 se
715 575 758 637 ad
774 576 898 657 proelia
915 578 998 658 cogi,

194 678 256 740 Bis
271 679 329 740 iam
347 679 450 741 Italos
467 679 592 754 hostes,
610 679 693 742 haec
709 678 773 741 iam
791 679 896 742 altera
913 681 1050 744 foedera
1066 680 1184 763 rumpi.

195 782 343 845 Exoritur
358 782 509 864 trepidos
526 781 612 846 inter
627 781 793 846 discordia
808 782 896 847 cives
910 804 917 859 ;

197 886 317 950 Urbem
332 887 387 949 alii
404 906 552 950 reserare
567 886 685 950 iubent
698 896 732 951 et
748 887 896 968 pandere
912 897 1025 970 portas

96 1000 148 1066 585
202 989 401 1064 Dardanidis
420 990 600 1073 ipsumque
616 990 752 1053 trahunt
768 990 801 1054 in
818 991 949 1054 moenia
965 1012 1098 1073 regem;

201 1095 295 1157 Arma
310 1095 424 1158 ferunt
441 1094 497 1156 alii
512 1103 546 1158 et
562 1103 708 1177 pergunt
723 1095 904 1160 defendere
920 1115 1052 1158 muros:

201 1199 340 1264 Inclusas
357 1208 396 1275 ut
411 1219 487 1261 cum
505 1198 671 1262 latebroso
688 1199 721 1260 in
738 1199 869 1281 pumice
887 1208 999 1282 pastor

199 1302 376 1394 Vestigavit
391 1323 484 1385 apes,
494 1303 663 1386 uiumoque
679 1301 830 1384 implevit
847 1323 960 1366 amaro
973 1325 980 1380 ;

199 1407 271 1470 Illae
286 1407 375 1470 intus
392 1406 545 1489 trepidae
561 1426 671 1470 rerum
688 1426 748 1488 per
765 1427 862 1471 cerea
878 1416 987 1472 castra
1043 1405 1045 1409 ’

107 1533 161 1584 590
197 1511 398 1585 Discurrunt,
418 1511 615 1593 magnisque
632 1519 756 1574 acuunt
773 1511 968 1574 stridoribus
984 1513 1068 1589 iras;

194 1616 341 1679 Volvitur
356 1624 429 1678 ater
444 1614 526 1678 odor
542 1614 637 1678 tectis
651 1635 658 1691 ;
682 1624 754 1677 tum
771 1633 939 1679 murmure
954 1635 1055 1680 caeco

193 1720 283 1782 Intus
299 1737 380 1782 saxa
394 1727 538 1794 sonant;
562 1738 685 1781 vacuas
701 1719 728 1781 it
742 1719 855 1782 tumus
872 1719 914 1782 ad
930 1738 1037 1782 auras,

229 1823 366 1887 Accidit
381 1823 465 1885 haec
481 1822 580 1886 fessis
596 1823 696 1886 etiarn
713 1823 848 1886 fortuna
866 1822 1003 1899 Latinis,

191 1928 283 2010 Quae
299 1937 405 1991 totam
423 1927 514 1989 luctu
531 1925 700 1990 concussit
715 1927 866 1990 funditus
884 1926 1010 1990 urbem}

114 2053 155 2106 595
191 2033 319 2114 Regina
336 2040 373 2095 ut
389 2032 487 2093 tectis
503 2029 690 2094 venientem
708 2030 868 2112 prospicit
885 2031 1025 2108 hostem,

190 2135 316 2200 Incessi
333 2155 455 2210 muros
474 2134 570 2216 ignes
586 2134 629 2196 ad
645 2143 734 2198 tecta
749 2135 870 2210 volare,

189 2241 364 2322 Nusquam
382 2238 471 2302 acies
487 2247 604 2300 contra
622 2239 774 2314 Rutulas,
792 2237 883 2302 nulla
899 2238 1034 2319 agmina
1049 2239 1173 2302 Turni:

137 2346 141 2356 '
190 2345 311 2408 Infelix
328 2362 463 2425 pugnae
479 2342 634 2405 iuvenem
650 2343 685 2404 in
702 2343 883 2408 certamine
899 2343 1004 2406 credit

189 2450 408 2523 Exstinctum‚
425 2455 468 2522 et,
487 2446 596 2511 subito
612 2456 757 2510 mentem
774 2447 907 2510 turbata
922 2447 1044 2521 dolore,

112 2563 153 2611 ooo
189 2554 232 2617 Se
248 2571 386 2615 causam
404 2551 527 2614 clamat
544 2550 736 2633 crimenque
752 2560 919 2633 caputque
936 2551 1108 2627 malorum,

190 2657 363 2739 Multaque
381 2675 441 2737 per
457 2664 622 2718 maestum
638 2655 778 2718 demens
794 2655 899 2719 effata
915 2655 1072 2732 furorem,

189 2761 378 2843 Purpureos
395 2760 554 2822 moritura
571 2778 672 2821 manu
688 2759 845 2822 discindit
861 2759 1011 2836 amictus,

189 2866 233 2928 Et
248 2864 374 2928 nodum
391 2862 544 2926 informis
561 2862 618 2927 leti
633 2862 727 2926 trabe
742 2863 845 2926 nectit
861 2863 903 2926 ab
919 2862 994 2927 alta.

188 2969 299 3051 Quam
315 2968 447 3030 cladem
465 2967 604 3030 miserae
621 2976 798 3050 postquam
815 2987 976 3050 accepere
994 2968 1144 3044 Latinae,
1259 3003 1262 3014 ·

107 3085 148 3149 605
189 3073 274 3136 Filia
290 3072 398 3154 prima
414 3091 516 3133 manu
532 3071 636 3134 flavos
654 3071 795 3134 Lavinia
811 3073 919 3135 crines

190 3177 233 3239 Et
249 3195 362 3239 roseas
379 3175 504 3238 laniata
519 3194 633 3256 genas,
651 3185 722 3237 tum
739 3185 851 3238 cetera
865 3175 988 3239 circum

188 3280 302 3343 Turba
318 3278 418 3354 furit3
443 3288 601 3342 resonant
619 3280 684 3342 late
701 3279 917 3361 plangoribus
933 3280 1043 3344 aedes.

190 3384 280 3448 Hinc
296 3393 402 3447 totam
419 3381 534 3448 infelix
549 3383 706 3465 vulgatur
721 3385 812 3446 fama
829 3403 888 3466 per
904 3384 1029 3448 urbem.

191 3489 382 3552 Demittunt
398 3497 546 3564 mentes;
570 3489 595 3550 it
612 3487 715 3550 scissa
730 3497 824 3551 veste
842 3487 991 3562 Latinus,

108 3605 152 3654 610
191 3592 350 3675 Coniugis
369 3593 530 3656 attonitus
546 3591 626 3656 fatis
643 3591 799 3674 urbisque
816 3591 921 3667 ruina,

191 3698 356 3764 Canitiem
371 3696 543 3760 immundo
561 3696 733 3778 perfusam
749 3696 886 3778 pulvere
902 3705 1042 3777 turpans

191 3804 365 3884 Multaque
382 3820 418 3864 se
434 3799 572 3877 incusat,
590 3800 647 3882 qui
663 3792 732 3864 non¹
746 3799 912 3881 acceperit
928 3809 1005 3863 ante
