2796 4282
478 286 593 338 imas
619 285 802 354 Qunnrus
1136 299 1195 364 117

174 466 273 529 Haud
292 485 391 529 secus
409 464 559 528 adsiduis
577 465 769 548 hiuoatque
786 466 863 529 hinc
879 466 1016 530 vocibus
1034 469 1130 532 heros

171 570 345 645 Tunditur,
363 580 398 632 et
415 589 539 649 magno
556 571 719 651 persentit
734 579 868 651 pectore
885 591 1000 648 curas3

174 677 270 738 Mens
286 675 428 736 immota
445 682 565 749 manet,
585 675 739 738 lacrimae
756 675 934 738 volvuntur
950 676 1075 740 inanes.

89 808 134 859 45⁰
213 782 302 844 Turn
317 799 400 842 vero
417 778 533 841 infelix
550 779 627 841 latis
644 781 800 842 exterrita
817 780 905 843 Dido

174 887 317 948 Mortem
335 893 427 960 orat;
452 883 564 946 taedet
580 883 663 946 caeli
678 904 826 948 convexa
842 885 936 948 tueri.

172 989 247 1072 Quo
264 989 375 1070 magis
393 988 562 1069 inceptum
580 999 719 1070 peragat
736 990 910 1071 lucemque
927 992 1100 1073 relinquat,

171 1095 271 1170 Vidit,
290 1093 479 1157 turicremis
496 1113 571 1156 cum
588 1092 676 1156 dona
692 1093 877 1176 imponeret
894 1095 1013 1158 aris-

172 1199 389 1262 Horrendum
407 1198 497 1261 dictu
510 1199 694 1261 l-latices
711 1200 901 1280 nigrescere·
915 1220 1028 1263 sacros

86 1330 131 1383 455
173 1304 332 1385 Fusaque
350 1303 383 1364 in
401 1303 581 1366 obscenum
600 1322 635 1366 se
651 1314 780 1366 vertere
795 1303 874 1365 vina
890 1323 1052 1368 cruorem.

149 1443 153 1452 ·
173 1410 249 1471 Hoc
266 1408 378 1472 visum
394 1407 485 1482 nulli,
504 1428 571 1470 non
587 1409 651 1489 ipsi
667 1407 772 1470 effata
788 1408 900 1471 sorori.

172 1514 352 1575 Praeterea
367 1512 432 1574 fuit
448 1511 481 1573 in
497 1511 593 1574 tectis
610 1512 651 1574 de
668 1531 830 1575 marmore
847 1513 1009 1594 templum

171 1617 334 1697 Coniugis
351 1616 487 1698 antiqui,
506 1618 588 1679 miro
605 1617 694 1698 quod
711 1617 837 1679 honore
854 1618 993 1692 colebat,

171 1721 362 1786 Velleribus
380 1721 484 1784 niveis
500 1730 533 1784 et
551 1721 637 1784 festa
653 1721 772 1784 fronde
789 1721 992 1784 revinctum:

84 1840 130 1900 460
174 1827 265 1889 Hinc
282 1825 431 1889 exaudiri
447 1845 547 1888 voces
563 1834 597 1887 et
612 1825 713 1888 verba
728 1825 878 1888 vocantis

170 1931 254 1995 Visa
269 1930 341 2005 viri,
360 1951 424 1992 nox
440 1950 516 1992 curn
533 1939 637 1992 terras
654 1930 795 1993 obscura
811 1940 958 2004 teneret;

172 2035 320 2117 Solaque
336 2034 536 2098 culminibus
554 2033 650 2096 ferali
665 2034 810 2097 carmine
827 2033 915 2097 bubo

172 2141 284 2221 Saepe
301 2140 395 2222 queri
411 2148 445 2202 et
461 2139 579 2220 longas
596 2137 628 2200 in
646 2138 759 2202 fletum
777 2138 898 2202 ducere
915 2159 1032 2214 voces3

173 2245 351 2326 Multaque
369 2253 543 2325 praeterea
559 2253 672 2306 vatum
690 2243 859 2324 praedicta
877 2245 1005 2324 piorum

85 2361 129 2428 465
171 2348 328 2411 Terribili
344 2348 471 2410 monitu
488 2348 689 2410 horrificant.
738 2347 821 2429 Agit
838 2346 909 2428 ipse
926 2347 1093 2411 furentem

175 2453 215 2515 In
233 2452 358 2516 somnis
376 2453 467 2515 ferus
485 2453 639 2525 Aeneas;
666 2471 864 2532 semperque
880 2451 1022 2533 relinqui

174 2557 253 2620 Sola
270 2556 342 2631 sibi,
359 2575 492 2637 semper
508 2556 642 2636 longam
660 2555 851 2618 incomitata
867 2554 996 2618 videtur

176 2662 230 2723 Ire
246 2662 332 2722 viam
350 2669 383 2722 et
399 2660 519 2743 Tyrios
536 2659 666 2724 deserta
683 2678 842 2741 quaerere
858 2668 954 2722 terra.

175 2763 399 2826 Eumenidum
416 2763 518 2826 veluti
535 2764 670 2826 demens
687 2763 777 2826 videt
793 2764 927 2844 agmina
945 2763 1122 2840 Pentheus,

86 2899 131 2944 470
176 2869 220 2930 Et
236 2868 338 2932 solem
355 2867 526 2948 geminum
543 2876 577 2930 et
591 2866 741 2948 duplices
759 2887 794 2930 se
811 2868 987 2931 ostendere
1004 2869 1157 2944 Thebas;

174 2973 246 3035 Aut
263 2971 553 3053 Agamemnonius
570 2971 699 3066 scaenis
716 2973 861 3053 agitatus
878 2972 1017 3037 Orestes

173 3078 351 3140 Armatam
368 3075 497 3140 facibus
514 3086 652 3140 matrem
669 3085 702 3138 et
719 3075 929 3158 serpentibus
946 3077 1025 3140 atris

174 3182 259 3246 Cum
278 3182 375 3262 fugit,
393 3180 592 3264 ultricesque
609 3181 726 3245 sedent
743 3181 776 3242 in
794 3181 904 3243 limine
923 3181 1033 3244 Dirae.

221 3287 313 3368 Ergo
329 3286 385 3349 ubi
402 3287 555 3367 concepit
567 3286 675 3349 ¹furias
691 3287 800 3350 evicta
816 3279 930 3348 dolore

89 3418 132 3471 475
177 3391 401 3472 Decrevitque
418 3390 509 3465 mori,
528 3399 660 3471 tempus
678 3409 790 3454 secum
807 3390 880 3471 ipsa
896 3390 1098 3471 modumque

177 3496 299 3577 Exigit,
317 3505 359 3571 et,
378 3503 539 3557 maestam
557 3495 652 3557 dictis
669 3513 830 3574 aggressa
847 3513 1002 3569 sororem,

176 3600 359 3664 Consilium
376 3599 470 3662 vultu
487 3599 578 3678 tegit,
596 3618 634 3661 ac
651 3617 745 3678 spem
763 3598 873 3660 fronte
890 3608 1039 3661 serenat:

222 3709 240 3736 “
253 3704 379 3778 Inveni,
397 3723 565 3784 germana,
583 3702 681 3776 viam,
693 3713 875 3782 -gratare
892 3702 996 3765 sorori
1007 3739 1050 3748 —

178 3809 274 3892 Quae
291 3807 372 3870 mihi
388 3807 506 3869 reddat
522 3826 608 3881 eum,
626 3806 679 3868 vel
695 3825 734 3868 eo
750 3825 804 3868 me
820 3807 926 3868 solvat
943 3815 1119 3870 amantem.
