2822 4294
489 315 601 366 LIBER
629 314 834 368 SECUNDUS

109 506 150 572 185
191 495 287 557 Hanc
304 476 421 557 tamen
441 493 638 557 immensam
658 494 801 558 Calchas
819 494 969 557 attollere
987 495 1107 557 malem

190 598 378 662 Roboribus
394 607 496 661 textis
513 598 672 679 caeloque
689 598 830 662 adiicere
847 597 951 672 iussit,

192 704 243 764 Ne
259 703 363 784 recipi
380 711 497 784 portis
515 713 572 764 aut
589 702 666 765 duci
682 703 715 763 in
734 702 864 764 moenia
882 711 1003 784 posset,

191 808 266 870 Neu
283 808 449 889 populum
467 813 602 889 antiqua
620 806 681 868 sub
699 806 857 887 religiane
874 813 966 869 tueri.

193 912 279 973 Nam
297 921 323 974 si
339 921 456 974 vestra
472 920 591 973 manus
607 910 763 972 violasset
781 910 868 972 dona
886 911 1067 986 Minervae,

106 1041 151 1091 190
190 1015 276 1077 Tum
316 1023 479 1096 magnum
518 1014 807 1096 exitium—quod
846 1015 879 1077 di
917 1014 1008 1096 prius
1042 1023 1139 1078 omen
1178 1015 1210 1077 in

277 1120 387 1201 ipsum

191 1225 416 1292 Convertantl
432 1261 475 1270 -—
486 1226 607 1287 Priami
619 1223 757 1304 imperio
773 1224 1027 1308 Phrygibusque
1038 1224 1187 1286 futurum
1200 1244 1206 1299 ;

192 1329 251 1393 Sin
268 1329 423 1391 manibus
439 1339 558 1391 vestris
575 1338 719 1390 vestram
739 1329 944 1390 ascendisset
961 1329 993 1390 in
1012 1329 1135 1403 urbem,

192 1434 292 1498 Ultro
307 1433 428 1496 Asiam
446 1441 568 1517 magna
586 1432 729 1514 Pelopea
745 1432 786 1494 ad
804 1434 934 1495 moenia
949 1432 1037 1495 bella

190 1536 388 1612 Venturam,
407 1546 440 1600 et
457 1545 588 1600 nostros
606 1557 645 1599 ea
661 1538 731 1599 tata
748 1544 882 1599 manare
899 1537 1069 1618 nepates.''

104 1667 149 1719 195
235 1641 374 1705 Talibus
391 1641 516 1704 insidiis
535 1642 723 1722 periurique
741 1651 811 1703 arte
830 1641 962 1704 Sinonis

191 1745 325 1810 Credita
342 1754 404 1821 res,
423 1755 578 1827 captique
595 1745 679 1808 dolis
696 1745 907 1827 lacrimisque
923 1752 1055 1821 coactis,

192 1851 286 1931 Quas
302 1869 412 1932 neque
430 1849 586 1932 Tydides,
605 1869 666 1912 nec
686 1849 864 1911 Larisaeus
882 1849 1040 1924 Achillas

193 1955 271 2016 Nan
288 1963 366 2015 anni
384 1953 541 2016 domuere
559 1953 684 2028 decem,
703 1961 768 2016 non
788 1954 877 2015 mille
893 1963 1033 2015 carinae.

237 2059 303 2121 Hic
320 2058 410 2120 aliud
428 2059 533 2120 maius
551 2057 678 2120 miseris
696 2058 865 2139 multaque
881 2057 1089 2120 tremendum

104 2173 150 2224 zoo
191 2161 345 2226 Obicitur
362 2165 477 2243 magis,
496 2171 595 2244 atque
613 2161 951 2243 imprrividapectora
967 2161 1086 2224 turbat.

191 2267 359 2340 Laocoon,
378 2266 498 2328 ductus
517 2267 677 2346 Neptuni)
694 2275 781 2328 sorte
799 2266 964 2340 sacerdos,

191 2370 379 2434 Sollemnes
396 2380 525 2432 taurum
543 2369 713 2450 ingentem
732 2370 898 2432 mactabat
915 2370 956 2432 ad
973 2376 1055 2432 aras.

191 2475 281 2538 Ecce
298 2483 408 2536 autem
427 2473 550 2554 gemini
568 2481 588 2534 a
604 2474 743 2536 Tenedo
760 2473 939 2556 tranquilla
956 2494 1015 2555 per
1032 2475 1152 2536 alta—

191 2579 363 2641 Horresco
380 2579 529 2665 referens
540 2579 764 2640 -immansis
781 2577 915 2640 orbibus
931 2585 1059 2659 anguas

102 2709 145 2761 205
190 2682 396 2745 Incumbunt
416 2683 544 2764 pelagi),
564 2681 752 2763 pariterque
770 2682 811 2743 ad
829 2682 924 2744 litora
940 2682 1103 2757 tendunt;

190 2787 329 2850 Pectora
346 2794 485 2869 quorum
504 2787 589 2848 inter
606 2785 726 2849 fluctris
743 2793 871 2848 arracta
887 2785 1049 2869 iubaeque

189 2889 404 2972 Sanguineae
422 2900 581 2972 superant
598 2890 725 2967 undas;
751 2910 829 2971 pars
846 2897 956 2953 catera
972 2898 1111 2973 pontum

190 2996 281 3057 Pane
298 2995 379 3076 legit
396 2993 570 3076 sinuatque
589 2993 750 3056 immensa
767 2995 934 3057 volumine
951 3004 1045 3075 terga

164 3173 167 3178 ⁴
189 3100 245 3162 Fit
262 3098 390 3162 sonitus
407 3105 584 3180 spumante
603 3099 692 3175 salo;
718 3100 851 3180 iamque
868 3119 945 3160 arva
963 3097 1130 3172 tenabant,

101 3232 146 3266 κιο
187 3188 425 3285 ardentesque
443 3202 555 3266 oculos
574 3203 709 3266 suffecti
725 3202 888 3284 sanguine
905 3212 938 3266 et
953 3211 1031 3283 igni,

190 3307 294 3372 Sibila
311 3306 502 3370 lambebant
519 3307 641 3388 linguis
657 3306 863 3371 vibrantibus
880 3315 946 3369 ora.

191 3412 400 3494 Diffugimus
417 3419 487 3474 visti
506 3419 702 3493 exsangues.
752 3412 804 3474 Illi
819 3411 952 3492 agmine
969 3418 1059 3474 certo

189 3517 384 3580 Laocoonta
402 3525 519 3596 petunt
534 3536 541 3591 ;
565 3526 599 3579 et
616 3526 758 3598 primum
777 3537 880 3598 parva
897 3516 1036 3578 duarum

188 3621 339 3702 Corpora
357 3626 508 3682 natarum
529 3627 666 3703 serpens
684 3621 856 3703 amplexus
874 3630 1013 3701 uterque

101 3752 144 3805 215
190 3725 346 3808 Implicat
364 3734 397 3788 et
413 3725 551 3790 miseros
569 3732 678 3788 morsu
697 3725 887 3806 depascitur
903 3732 1017 3799 artas3

188 3830 267 3893 Post
283 3829 404 3912 ipsum,
423 3830 544 3893 auxilia
560 3829 757 3892 subeuntem
774 3849 813 3894 ac
829 3829 895 3894 tela
912 3829 1085 3906 ferentem,
