2816 4282
478 325 593 378 LIBER
619 325 876 379 DUODECIMUS

224 504 270 567 Ac
285 504 370 567 uelut
385 505 420 566 in
438 503 574 578 somnis,
591 505 705 567 oculos
722 504 777 567 ubi
795 505 953 585 languida
970 508 1089 587 pressit

225 609 321 671 Nocte
337 609 442 690 quies,
460 608 662 690 nequiquam
679 608 794 672 avidos
810 610 989 674 extendere
1006 631 1122 675 cursus

132 734 185 782 910
222 713 307 775 Velle
322 713 485 787 videmur,
503 712 585 774 etin
603 712 719 774 mediis
736 713 909 776 conatibus
924 715 1017 796 aegri

222 817 439 893 Succidimus;
465 835 532 878 non
550 816 663 897 lingua
679 817 776 892 valet,
795 838 861 879 non
878 838 1016 899 corpore
1033 829 1131 884 notae

221 920 388 984 Sufficiunt
404 920 503 996 vires,
521 941 582 1005 ηερ
597 942 662 984 vox
678 931 735 984 aut
750 923 852 986 verba
868 933 1069 1004 sequuntur:

219 1025 268 1088 Sic
283 1027 409 1101 Turno,
427 1045 637 1108 quacumque
652 1028 740 1088 viam
756 1025 878 1091 virtute
894 1027 1018 1109 petivit,

218 1130 412 1193 Successum
429 1128 494 1192 dea
509 1128 581 1192 dira
596 1139 705 1211 negat.
755 1131 842 1194 Tum
859 1142 994 1213 pectore
1010 1152 1128 1196 sensus

134 1254 183 1307 9¹5
215 1235 395 1298 Vertuntur
410 1234 513 1297 varii:
546 1234 689 1298 Rutulos
704 1245 904 1316 aspectatet
921 1236 1045 1312 urbem,

215 1336 463 1420 Cunctaturque
478 1347 579 1414 metu,
596 1339 767 1420 telumque
783 1340 907 1403 instare
923 1342 1110 1417 tremescit;

214 1441 291 1518 Nec,
309 1463 376 1525 quo
394 1463 429 1506 se
446 1441 572 1524 eripiat,
590 1463 662 1518 nec,
680 1464 747 1525 qua
763 1443 795 1508 vi
811 1444 926 1506 tendat
943 1445 976 1507 in
993 1446 1132 1520 hostem,

214 1547 283 1609 Nec
300 1533 418 1610 currus
434 1567 575 1629 usquam
592 1547 682 1610 videt
699 1547 888 1628 aurigamve
905 1568 1059 1611 sororem.

253 1650 435 1715 Cunctanti
451 1651 554 1714 telum
571 1651 707 1714 Aeneas
725 1652 827 1715 fatale
843 1662 1002 1728 coruscat,

135 1775 179 1822 9²0
214 1755 356 1818 Sortitus
372 1756 542 1818 fortunam
559 1756 672 1830 oculis,
690 1764 723 1818 et
739 1776 878 1837 corpore
894 1765 964 1818 toto

212 1859 351 1921 Eminus
367 1858 546 1941 intorquet.
596 1859 717 1922 Murali
734 1860 865 1922 concita
881 1879 1060 1942 numquam

210 1963 391 2026 Tormento
409 1964 456 2026 sic
472 1945 721 2039 saxa'fremunt,
739 1981 801 2026 nec
818 1963 958 2026 fulmine
975 1963 1059 2026 tanti

212 2066 402 2130 Dissultant
417 2069 573 2149 crepitus.
621 2068 722 2131 Volat
738 2069 800 2130 atri
816 2067 957 2130 turbinis
973 2068 1077 2131 instar

212 2170 357 2233 Exitium
374 2171 482 2233 dirum
499 2171 596 2233 hasta
613 2172 735 2247 ferens,
754 2191 895 2253 orasque
911 2171 1051 2235 recludit

133 2295 172 2348 925
212 2274 352 2337 Loricae
368 2284 402 2337 et
417 2273 516 2356 clipei
532 2284 698 2338 extremos
715 2274 942 2356 septemplicis
958 2275 1064 2339 orbes.

211 2378 271 2440 Per
289 2380 435 2441 medium
453 2378 596 2442 stridens
611 2378 731 2442 transit
747 2380 865 2442 femur.
914 2379 1035 2442 Incidit
1051 2379 1151 2464 ictus.

211 2482 338 2562 Ingens
354 2483 397 2545 ad
414 2491 536 2545 terram
553 2483 722 2564 duplicato
740 2483 864 2564 poplite
882 2484 1023 2545 Turnus.

210 2586 427 2667 Consurgunt
442 2586 569 2667 gemitu
588 2587 710 2662 Rutuli,
727 2596 883 2669 totusque
899 2586 1041 2667 remugit

196 2691 312 2753 Mons
329 2690 463 2764 circum,
481 2700 514 2755 et
529 2711 645 2754 vocem
664 2692 729 2754 late
745 2710 882 2753 nemora
899 2691 965 2752 alta
982 2692 1162 2754 remittunt.

129 2815 173 2866 930
256 2795 318 2857 Ille
349 2794 492 2857 humiles
524 2795 732 2878 supplexque
763 2795 877 2858 oculos
909 2795 1127 2877 dextramque
1161 2816 1231 2877 pre-

297 2907 431 2962 cantem

213 3003 418 3066 Protendens
437 3003 632 3085 “Equidem
650 3003 764 3079 merui,
783 3023 844 3066 nec
862 3003 1022 3084 deprecor
1033 3004 1050 3027 ''
1067 3003 1193 3084 inquit;

213 3112 230 3138 ‘⁴
241 3108 348 3170 Utere
365 3115 453 3170 sorte
469 3116 535 3169 tua.
566 3124 570 3131 ·
585 3107 700 3170 Miseri
716 3118 748 3171 te
765 3108 792 3170 si
809 3128 874 3189 qua
891 3107 1039 3189 parentis

211 3211 368 3291 Tangere
384 3230 463 3273 cura
480 3221 599 3293 potest,
617 3231 684 3286 oro,
695 3211 812 3274 -fuit
829 3220 861 3272 et
877 3211 936 3274 tibi
952 3211 1028 3274 talis

211 3314 381 3378 Anchises
397 3315 581 3397 genitor-
592 3318 705 3379 Dauni
721 3317 877 3378 miserere
895 3323 1059 3391 senectae,
1158 3308 1162 3316 ’

127 3440 171 3492 935
214 3419 257 3481 Et
273 3440 336 3492 me,
355 3440 414 3482 seu
431 3441 552 3502 corpus
569 3419 746 3508 spoliatum
763 3419 889 3482 lumine,
905 3420 1020 3494 mavis,

214 3523 332 3586 Redde
343 3520 440 3587 meis.
487 3524 614 3600 Vicisti‚
632 3535 666 3587 et
681 3525 804 3588 victum
823 3524 959 3587 tendere
977 3523 1105 3605 palmas

213 3627 357 3690 Ausonii
372 3628 503 3704 videre;
527 3639 586 3691 tua
602 3638 652 3690 est
671 3628 810 3690 Lavinia
828 3628 990 3691 coniunx:

212 3731 364 3796 Ulterius
380 3752 422 3795 ne
438 3733 538 3795 tende
555 3732 669 3794 odiis.'’
717 3731 817 3795 Stetit
833 3752 909 3794 acer
925 3731 958 3792 in
976 3733 1076 3794 armis

212 3836 360 3911 Aeneas
377 3835 515 3898 volvens
527 3835 655 3910 oeulos,
673 3835 889 3917 dextramque
905 3835 1082 3914 repressit;
