2822 4294
378 356 381 362 Ι
452 279 571 334 Lissa
597 281 803 338 sacuuuus

158 463 308 524 Extrema
324 463 393 524 iam
412 461 447 523 in
467 472 571 524 morte
589 473 710 545 parant
726 464 908 528 defendere
925 466 1053 530 telis-

156 567 367 648 Auratesque
383 567 509 641 trabes,
527 577 677 630 veterum
695 568 814 631 decora
831 570 897 632 alta
914 581 1099 652 parentum,

162 673 370 747 Devolvunt;
398 671 456 734 alii
472 681 592 734 strictis
609 671 821 736 mirerenibus
839 682 921 738 imas

62 805 115 856 450
156 777 326 840 Obsedere
343 776 438 838 fores
448 795 456 849 ;
481 775 541 837 hes
557 786 693 838 servant
708 778 842 858 figmine
858 779 971 842 dense.

153 867 337 944 instaurati
353 879 466 954 animi,
485 881 571 960 regis
588 901 779 944 succurrere
796 890 901 959 tectiS,

153 986 357 1067 Auxilieque
374 985 486 1047 levare
502 984 598 1060 vires,
617 985 750 1066 vimque
767 987 890 1050 addere
905 990 1009 1052 victis,

198 1091 318 1153 Limen
336 1099 410 1152 erat
427 1108 611 1170 caecaeque
630 1090 719 1151 fores
736 1100 770 1152 et
786 1092 919 1172 pervius
936 1100 1016 1156 risus

153 1196 334 1257 Tecterum
352 1193 439 1256 inter
455 1200 491 1255 se
508 1193 636 1268 Priami,
655 1202 834 1276 postesque
854 1197 959 1259 relicti

65 1327 114 1378 455
154 1285 187 1363 A
202 1307 308 1380 terge,
326 1298 444 1360 infelix
461 1305 525 1379 que
542 1306 586 1374 se,
605 1298 684 1360 dum
702 1307 806 1380 regna
822 1301 1010 1378 manebant,

155 1404 298 1485 Saepius
314 1403 555 1466 Andromache
572 1403 659 1465 terre
675 1403 867 1467 incomitata
884 1406 1012 1469 solebat

154 1509 210 1572 Ad
228 1515 371 1580 soceres‚
389 1516 423 1570 et
439 1514 501 1568 ave
517 1527 657 1589 puerum
674 1508 883 1592 Astyanacta
900 1511 1060 1574 trahebat.

152 1599 273 1675 {vide
288 1612 331 1674 ad
349 1621 471 1674 summi
487 1611 623 1692 fastigia
639 1612 802 1688 culminis,
820 1613 909 1678 unde

154 1718 237 1779 Tela
253 1723 354 1778 manu
373 1715 485 1778 miseri
495 1715 668 1806 'iactabant
684 1715 782 1779 inrita
799 1718 928 1780 Teucri.

68 1835 115 1895 460
154 1823 286 1884 Turrim
304 1821 336 1883 in
355 1819 531 1902 praecipiti
548 1829 689 1884 stantem
708 1832 912 1904 summisque
929 1823 991 1885 sub
1008 1833 1097 1887 astra

153 1911 319 1988 Eductam
336 1933 445 1998 tectis,
463 1925 551 1987 unde
567 1923 674 1986 omnis
691 1925 790 1988 Treia
807 1926 910 1988 videri

157 2031 199 2093 Et
218 2030 374 2094 Danaum
394 2028 510 2092 solitae
526 2036 629 2092 neves
646 2039 679 2092 et
695 2029 827 2092 Acheia
844 2040 962 2108 castra,

154 2135 322 2216 Aggressi
339 2135 431 2196 ferre
448 2133 580 2208 circum,
598 2141 664 2215 que
681 2153 812 2196 summa
827 2135 978 2198 labantes

156 2240 333 2301 Iunctures
350 2237 498 2300 tabuleta
515 2238 649 2313 dabant,
666 2238 883 2302 convellimus
899 2240 974 2302 altis

70 2357 115 2422 465
156 2343 308 2417 Sedibus
326 2341 604 2424 impulimusque;
629 2361 669 2406 ea
685 2344 779 2424 lipsa
795 2354 933 2424 repente
950 2355 1077 2407 ruinam
1128 2347 1132 2355 '

153 2447 238 2510 Cum
256 2446 368 2510 sonitu
386 2445 487 2508 trahit
502 2456 536 2508 et
555 2447 710 2514 Danaum
729 2467 829 2528 super
845 2447 980 2528 agmina
997 2450 1063 2512 lete

153 2551 285 2615 Incidit.
335 2550 402 2614 Ast
418 2550 473 2612 alii
489 2550 642 2625 subeunt,
660 2570 721 2614 nec
740 2571 828 2627 saxa,
846 2572 907 2614 nec
926 2553 1027 2615 ellum

151 2657 311 2719 Telorum
329 2655 457 2717 interce
473 2664 582 2718 cessat
598 2675 713 2736 genus.

195 2760 410 2825 Vestibulum
428 2769 505 2822 ante
522 2759 631 2841 ipsum
649 2768 822 2841 primeque
844 2760 878 2822 in
898 2762 1009 2825 limine
1028 2763 1174 2847 Pyrrhus

70 2894 112 2940 470
154 2865 318 2939 Exsultat,
336 2864 411 2926 telis
427 2873 460 2926 et
478 2865 550 2926 luce
567 2884 724 2926 coruscus
740 2871 842 2927 aene:

152 2969 273 3052 Qualis
289 2968 346 3031 ubi
363 2968 396 3030 in
413 2966 671 3032 lecemcoluber
687 2969 775 3030 mala
791 2969 941 3049 gremina
959 2978 1083 3053 pastus

153 3074 291 3155 Frigida
309 3072 370 3136 sub
386 3080 473 3135 terre
489 3072 651 3136 tumidum
668 3093 767 3154 quem
784 3073 902 3136 brema
918 3074 1061 3156 tegebat,

153 3181 264 3253 Nunc,
283 3178 399 3260 positis
416 3197 522 3241 novus
538 3178 664 3240 exuviis
681 3176 871 3260 nitidusque
887 3178 1030 3254 iuvente,

154 3283 302 3346 Lubrica
317 3282 485 3348 convolvit
501 3283 632 3345 sublete
649 3292 783 3362 pectore
800 3291 895 3363 terga

71 3417 112 3468 475
153 3389 293 3451 Arduus
311 3388 353 3450 ad
371 3387 482 3462 selem,
500 3397 533 3450 et
551 3388 671 3467 linguis
688 3386 787 3448 micat
803 3395 860 3450 ore
876 3388 1026 3451 trisulcis.

149 3478 234 3557 Une
250 3492 370 3573 ingens
388 3493 546 3572 Periphes
564 3501 597 3554 et
613 3498 772 3572 equbrum
790 3491 932 3571 agitator
947 3492 1099 3568 Achillis,

153 3597 314 3677 Armiger
331 3596 555 3676 Automedon,
575 3603 640 3657 une
657 3596 764 3658 omnis
782 3595 898 3677 Scyria
915 3595 1020 3677 pubes

156 3701 349 3765 Succedunt
364 3707 461 3775 tecte,
479 3710 511 3764 et
527 3701 678 3762 flammes
696 3699 738 3761 ad
754 3699 899 3762 culmina
914 3699 1049 3764 iactant.

156 3807 236 3887 Ipse
251 3806 339 3867 inter
356 3813 477 3886 primos
494 3811 646 3885 correpta
662 3805 745 3866 dura
761 3803 899 3885 bipenni
