<?xml version="1.0" encoding="UTF-8"?>
<!DOCTYPE html PUBLIC "-//W3C//DTD XHTML 1.0 Transitional//EN"
    "http://www.w3.org/TR/xhtml1/DTD/xhtml1-transitional.dtd">
<html xmlns="http://www.w3.org/1999/xhtml" xml:lang="en" lang="en">
 <head>
  <title>
</title>
<meta http-equiv="Content-Type" content="text/html;charset=utf-8" />
  <meta name='ocr-system' content='tesseract 3.04.00' />
  <meta name='ocr-capabilities' content='ocr_page ocr_carea ocr_par ocr_line ocrx_word'/>
</head>
<body>
  <div class='ocr_page' id='page_1' title='image "./virgilsaeneidbo00denngoog_0297.png"; bbox 0 0 2816 4282; ppageno 0'>
   <div class='ocr_carea' id='block_1_1' title="bbox 208 243 947 366">
    <p class='ocr_par' dir='ltr' id='par_1_1' title="bbox 208 243 947 366">
     <span class='ocr_line' id='line_1_1' title="bbox 208 243 947 366; baseline -0.011 -16"><span class='ocrx_word' id='word_1_1' title='bbox 208 287 269 366; x_wconf 89' lang='lat'>278</span> <span class='ocrx_word' id='word_1_2' title='bbox 565 288 722 342; x_wconf 78' lang='lat' dir='ltr'>VERGnr</span> <span class='ocrx_word' id='word_1_3' title='bbox 749 243 947 342; x_wconf 75' lang='lat' dir='ltr'>nuuuruos</span> 
     </span>
    </p>
   </div>
   <div class='ocr_carea' id='block_1_2' title="bbox 207 467 1300 2109">
    <p class='ocr_par' dir='ltr' id='par_1_2' title="bbox 295 467 1202 757">
     <span class='ocr_line' id='line_1_2' title="bbox 295 467 1147 550; baseline -0.002 -18"><span class='ocrx_word' id='word_1_4' title='bbox 295 471 368 532; x_wconf 90' lang='lat' dir='ltr'>Nec</span> <span class='ocrx_word' id='word_1_5' title='bbox 385 469 538 550; x_wconf 87' lang='lat' dir='ltr'>cuiquam</span> <span class='ocrx_word' id='word_1_6' title='bbox 555 467 652 530; x_wconf 86' lang='lat' dir='ltr'>irasci</span> <span class='ocrx_word' id='word_1_7' title='bbox 668 467 846 549; x_wconf 91' lang='lat' dir='ltr'>propiusve</span> <span class='ocrx_word' id='word_1_8' title='bbox 864 468 1023 531; x_wconf 87' lang='lat' dir='ltr'>accedere</span> <span class='ocrx_word' id='word_1_9' title='bbox 1039 468 1147 531; x_wconf 92' lang='lat' dir='ltr'>virtus</span> 
     </span>
     <span class='ocr_line' id='line_1_3' title="bbox 295 571 1169 653; baseline -0.001 -17"><span class='ocrx_word' id='word_1_10' title='bbox 295 573 362 636; x_wconf 87' lang='lat' dir='ltr'>Sed</span> <span class='ocrx_word' id='word_1_11' title='bbox 378 573 493 637; x_wconf 89' lang='lat' dir='ltr'>iaculis</span> <span class='ocrx_word' id='word_1_12' title='bbox 509 572 654 653; x_wconf 87' lang='lat' dir='ltr'>tutisque</span> <span class='ocrx_word' id='word_1_13' title='bbox 672 573 786 653; x_wconf 91' lang='lat' dir='ltr'>procul</span> <span class='ocrx_word' id='word_1_14' title='bbox 804 571 1002 634; x_wconf 93' lang='lat' dir='ltr'>clamoribus</span> <span class='ocrx_word' id='word_1_15' title='bbox 1019 572 1149 635; x_wconf 87' lang='lat' dir='ltr'>instant</span> <span class='ocrx_word' id='word_1_16' title='bbox 1163 593 1169 646; x_wconf 92' lang='lat'>;</span> 
     </span>
     <span class='ocr_line' id='line_1_4' title="bbox 295 676 1202 757; baseline 0 -17"><span class='ocrx_word' id='word_1_17' title='bbox 295 678 356 740; x_wconf 90' lang='lat' dir='ltr'>llle</span> <span class='ocrx_word' id='word_1_18' title='bbox 373 686 483 740; x_wconf 91' lang='lat' dir='ltr'>autem</span> <span class='ocrx_word' id='word_1_19' title='bbox 500 676 686 757; x_wconf 90' lang='lat' dir='ltr'>impavidus</span> <span class='ocrx_word' id='word_1_20' title='bbox 705 686 815 756; x_wconf 91' lang='lat' dir='ltr'>partes</span> <span class='ocrx_word' id='word_1_21' title='bbox 833 686 1005 739; x_wconf 85' lang='lat' dir='ltr'>cunctatur</span> <span class='ocrx_word' id='word_1_22' title='bbox 1021 676 1055 738; x_wconf 94' lang='lat' dir='ltr'>in</span> <span class='ocrx_word' id='word_1_23' title='bbox 1072 697 1202 752; x_wconf 73' lang='lat' dir='ltr'>omnes</span> 
     </span>
    </p>

    <p class='ocr_par' dir='ltr' id='par_1_3' title="bbox 208 780 1142 1172">
     <span class='ocr_line' id='line_1_5' title="bbox 208 780 1135 861; baseline 0.002 -20"><span class='ocrx_word' id='word_1_24' title='bbox 208 807 252 859; x_wconf 88' lang='lat'>715</span> <span class='ocrx_word' id='word_1_25' title='bbox 294 781 460 845; x_wconf 87' lang='lat' dir='ltr'>Dentibus</span> <span class='ocrx_word' id='word_1_26' title='bbox 476 780 680 856; x_wconf 82' lang='lat' dir='ltr'>infrendens,</span> <span class='ocrx_word' id='word_1_27' title='bbox 700 790 732 842; x_wconf 90' lang='lat' dir='ltr'>et</span> <span class='ocrx_word' id='word_1_28' title='bbox 746 789 842 861; x_wconf 86' lang='lat' dir='ltr'>tergo</span> <span class='ocrx_word' id='word_1_29' title='bbox 859 781 983 843; x_wconf 85' lang='lat' dir='ltr'>decutit</span> <span class='ocrx_word' id='word_1_30' title='bbox 1001 782 1135 843; x_wconf 90' lang='lat' dir='ltr'>hastas:</span> 
     </span>
     <span class='ocr_line' id='line_1_6' title="bbox 295 884 1142 965; baseline 0 -17"><span class='ocrx_word' id='word_1_31' title='bbox 295 886 397 948; x_wconf 86' lang='lat' dir='ltr'>Haud</span> <span class='ocrx_word' id='word_1_32' title='bbox 414 885 517 959; x_wconf 89' lang='lat' dir='ltr'>aliter,</span> <span class='ocrx_word' id='word_1_33' title='bbox 535 886 640 946; x_wconf 89' lang='lat' dir='ltr'>iustae</span> <span class='ocrx_word' id='word_1_34' title='bbox 657 884 775 965; x_wconf 93' lang='lat' dir='ltr'>quibus</span> <span class='ocrx_word' id='word_1_35' title='bbox 792 893 842 946; x_wconf 88' lang='lat' dir='ltr'>est</span> <span class='ocrx_word' id='word_1_36' title='bbox 860 885 1045 947; x_wconf 89' lang='lat' dir='ltr'>Mezentius</span> <span class='ocrx_word' id='word_1_37' title='bbox 1062 885 1142 961; x_wconf 87' lang='lat' dir='ltr'>irae,</span> 
     </span>
     <span class='ocr_line' id='line_1_7' title="bbox 295 986 1128 1066; baseline -0.001 -14"><span class='ocrx_word' id='word_1_38' title='bbox 295 991 372 1052; x_wconf 92' lang='lat' dir='ltr'>Non</span> <span class='ocrx_word' id='word_1_39' title='bbox 390 989 446 1050; x_wconf 92' lang='lat' dir='ltr'>ulli</span> <span class='ocrx_word' id='word_1_40' title='bbox 462 998 512 1050; x_wconf 89' lang='lat' dir='ltr'>est</span> <span class='ocrx_word' id='word_1_41' title='bbox 529 987 658 1049; x_wconf 89' lang='lat' dir='ltr'>animus</span> <span class='ocrx_word' id='word_1_42' title='bbox 675 986 788 1050; x_wconf 90' lang='lat' dir='ltr'>stricto</span> <span class='ocrx_word' id='word_1_43' title='bbox 805 1007 1000 1050; x_wconf 90' lang='lat' dir='ltr'>concurrere</span> <span class='ocrx_word' id='word_1_44' title='bbox 1017 989 1128 1066; x_wconf 85' lang='lat' dir='ltr'>lerr0;</span> 
     </span>
     <span class='ocr_line' id='line_1_8' title="bbox 295 1092 1110 1172; baseline -0.002 -16"><span class='ocrx_word' id='word_1_45' title='bbox 295 1092 479 1156; x_wconf 88' lang='lat' dir='ltr'>Missilibus</span> <span class='ocrx_word' id='word_1_46' title='bbox 495 1092 594 1172; x_wconf 90' lang='lat' dir='ltr'>longe</span> <span class='ocrx_word' id='word_1_47' title='bbox 611 1101 643 1154; x_wconf 92' lang='lat' dir='ltr'>et</span> <span class='ocrx_word' id='word_1_48' title='bbox 660 1100 754 1154; x_wconf 92' lang='lat' dir='ltr'>vasto</span> <span class='ocrx_word' id='word_1_49' title='bbox 772 1093 915 1155; x_wconf 88' lang='lat' dir='ltr'>clamore</span> <span class='ocrx_word' id='word_1_50' title='bbox 932 1093 1110 1156; x_wconf 88' lang='lat' dir='ltr'>lacessunt.</span> 
     </span>
    </p>

    <p class='ocr_par' dir='ltr' id='par_1_4' title="bbox 337 1194 1141 1278">
     <span class='ocr_line' id='line_1_9' title="bbox 337 1194 1141 1278; baseline 0 -19"><span class='ocrx_word' id='word_1_51' title='bbox 337 1198 484 1260; x_wconf 91' lang='lat' dir='ltr'>Venerat</span> <span class='ocrx_word' id='word_1_52' title='bbox 501 1195 645 1276; x_wconf 88' lang='lat' dir='ltr'>antiquis</span> <span class='ocrx_word' id='word_1_53' title='bbox 664 1194 803 1278; x_wconf 89' lang='lat' dir='ltr'>Corythi</span> <span class='ocrx_word' id='word_1_54' title='bbox 819 1196 859 1257; x_wconf 93' lang='lat' dir='ltr'>de</span> <span class='ocrx_word' id='word_1_55' title='bbox 877 1196 996 1258; x_wconf 88' lang='lat' dir='ltr'>finibus</span> <span class='ocrx_word' id='word_1_56' title='bbox 1013 1197 1141 1273; x_wconf 88' lang='lat' dir='ltr'>Acron,</span> 
     </span>
    </p>

    <p class='ocr_par' dir='ltr' id='par_1_5' title="bbox 207 1299 1300 1798">
     <span class='ocr_line' id='line_1_10' title="bbox 207 1299 1300 1386; baseline 0.003 -25"><span class='ocrx_word' id='word_1_57' title='bbox 207 1327 255 1377; x_wconf 87' lang='lat'>720</span> <span class='ocrx_word' id='word_1_58' title='bbox 293 1301 412 1366; x_wconf 88' lang='lat' dir='ltr'>Graius</span> <span class='ocrx_word' id='word_1_59' title='bbox 428 1302 536 1374; x_wconf 94' lang='lat' dir='ltr'>homo,</span> <span class='ocrx_word' id='word_1_60' title='bbox 554 1300 697 1362; x_wconf 84' lang='lat' dir='ltr'>inlectos</span> <span class='ocrx_word' id='word_1_61' title='bbox 714 1299 867 1380; x_wconf 91' lang='lat' dir='ltr'>linquens</span> <span class='ocrx_word' id='word_1_62' title='bbox 885 1301 1048 1382; x_wconf 80' lang='lat' dir='ltr'>profugus</span> <span class='ocrx_word' id='word_1_63' title='bbox 1065 1302 1300 1386; x_wconf 87' lang='lat' dir='ltr'>hymenaeos;</span> 
     </span>
     <span class='ocr_line' id='line_1_11' title="bbox 296 1394 1182 1484; baseline 0.002 -17"><span class='ocrx_word' id='word_1_64' title='bbox 296 1406 397 1468; x_wconf 91' lang='lat' dir='ltr'>Hunc</span> <span class='ocrx_word' id='word_1_65' title='bbox 414 1404 470 1466; x_wconf 91' lang='lat' dir='ltr'>ubi</span> <span class='ocrx_word' id='word_1_66' title='bbox 486 1405 680 1465; x_wconf 88' lang='lat' dir='ltr'>miscentem</span> <span class='ocrx_word' id='word_1_67' title='bbox 698 1403 797 1484; x_wconf 86' lang='lat' dir='ltr'>longe</span> <span class='ocrx_word' id='word_1_68' title='bbox 814 1403 922 1466; x_wconf 92' lang='lat' dir='ltr'>media</span> <span class='ocrx_word' id='word_1_69' title='bbox 939 1405 1073 1484; x_wconf 85' lang='lat' dir='ltr'>agmina</span> <span class='ocrx_word' id='word_1_70' title='bbox 1089 1394 1182 1482; x_wconf 91' lang='lat' dir='ltr'>vidit,</span> 
     </span>
     <span class='ocr_line' id='line_1_12' title="bbox 295 1507 1114 1591; baseline 0.001 -20"><span class='ocrx_word' id='word_1_71' title='bbox 295 1511 502 1591; x_wconf 88' lang='lat' dir='ltr'>Purpureum</span> <span class='ocrx_word' id='word_1_72' title='bbox 520 1507 638 1588; x_wconf 89' lang='lat' dir='ltr'>pennis</span> <span class='ocrx_word' id='word_1_73' title='bbox 654 1515 688 1569; x_wconf 91' lang='lat' dir='ltr'>et</span> <span class='ocrx_word' id='word_1_74' title='bbox 704 1517 822 1587; x_wconf 91' lang='lat' dir='ltr'>pactae</span> <span class='ocrx_word' id='word_1_75' title='bbox 839 1507 989 1589; x_wconf 89' lang='lat' dir='ltr'>coniugis</span> <span class='ocrx_word' id='word_1_76' title='bbox 1005 1519 1114 1572; x_wconf 91' lang='lat' dir='ltr'>ostro:</span> 
     </span>
     <span class='ocr_line' id='line_1_13' title="bbox 295 1610 1170 1694; baseline 0.001 -19"><span class='ocrx_word' id='word_1_77' title='bbox 295 1615 465 1693; x_wconf 85' lang='lat' dir='ltr'>impastus</span> <span class='ocrx_word' id='word_1_78' title='bbox 482 1610 611 1674; x_wconf 89' lang='lat' dir='ltr'>stabula</span> <span class='ocrx_word' id='word_1_79' title='bbox 629 1611 695 1673; x_wconf 89' lang='lat' dir='ltr'>alta</span> <span class='ocrx_word' id='word_1_80' title='bbox 712 1612 763 1673; x_wconf 96' lang='lat' dir='ltr'>leo</span> <span class='ocrx_word' id='word_1_81' title='bbox 780 1631 840 1674; x_wconf 91' lang='lat' dir='ltr'>ceu</span> <span class='ocrx_word' id='word_1_82' title='bbox 858 1632 958 1693; x_wconf 88' lang='lat' dir='ltr'>saepe</span> <span class='ocrx_word' id='word_1_83' title='bbox 976 1633 1170 1694; x_wconf 90' lang='lat' dir='ltr'>peragrans,</span> 
     </span>
     <span class='ocr_line' id='line_1_14' title="bbox 294 1716 1121 1798; baseline -0.001 -17"><span class='ocrx_word' id='word_1_84' title='bbox 294 1718 420 1782; x_wconf 88' lang='lat' dir='ltr'>Suadet</span> <span class='ocrx_word' id='word_1_85' title='bbox 436 1717 524 1778; x_wconf 90' lang='lat' dir='ltr'>enim</span> <span class='ocrx_word' id='word_1_86' title='bbox 540 1735 665 1776; x_wconf 90' lang='lat' dir='ltr'>vesana</span> <span class='ocrx_word' id='word_1_87' title='bbox 682 1716 798 1791; x_wconf 71' lang='lat' dir='ltr'>fames</span> <span class='ocrx_word' id='word_1_88' title='bbox 818 1717 845 1778; x_wconf 81' lang='lat' dir='ltr'>si</span> <span class='ocrx_word' id='word_1_89' title='bbox 862 1717 948 1778; x_wconf 85' lang='lat' dir='ltr'>forte</span> <span class='ocrx_word' id='word_1_90' title='bbox 966 1717 1121 1798; x_wconf 81' lang='lat' dir='ltr'>fugacem</span> 
     </span>
    </p>

    <p class='ocr_par' dir='ltr' id='par_1_6' title="bbox 207 1821 1298 2109">
     <span class='ocr_line' id='line_1_15' title="bbox 207 1821 1298 1902; baseline 0.001 -21"><span class='ocrx_word' id='word_1_91' title='bbox 207 1845 253 1900; x_wconf 83' lang='lat'>725</span> <span class='ocrx_word' id='word_1_92' title='bbox 293 1821 474 1902; x_wconf 88' lang='lat' dir='ltr'>Conspexit</span> <span class='ocrx_word' id='word_1_93' title='bbox 491 1840 654 1901; x_wconf 88' lang='lat' dir='ltr'>capream,</span> <span class='ocrx_word' id='word_1_94' title='bbox 675 1831 731 1883; x_wconf 90' lang='lat' dir='ltr'>aut</span> <span class='ocrx_word' id='word_1_95' title='bbox 749 1831 939 1902; x_wconf 86' lang='lat' dir='ltr'>surgentem</span> <span class='ocrx_word' id='word_1_96' title='bbox 957 1821 991 1882; x_wconf 94' lang='lat' dir='ltr'>in</span> <span class='ocrx_word' id='word_1_97' title='bbox 1008 1841 1134 1884; x_wconf 91' lang='lat' dir='ltr'>cornua</span> <span class='ocrx_word' id='word_1_98' title='bbox 1150 1843 1298 1897; x_wconf 86' lang='lat' dir='ltr'>cervum,</span> 
     </span>
     <span class='ocr_line' id='line_1_16' title="bbox 294 1925 1249 2006; baseline -0.001 -16"><span class='ocrx_word' id='word_1_99' title='bbox 294 1927 435 2000; x_wconf 82' lang='lat' dir='ltr'>Gaudet,</span> <span class='ocrx_word' id='word_1_100' title='bbox 453 1925 548 1987; x_wconf 91' lang='lat' dir='ltr'>hians</span> <span class='ocrx_word' id='word_1_101' title='bbox 565 1925 719 2000; x_wconf 86' lang='lat' dir='ltr'>immane,</span> <span class='ocrx_word' id='word_1_102' title='bbox 739 1945 917 2006; x_wconf 92' lang='lat' dir='ltr'>comasque</span> <span class='ocrx_word' id='word_1_103' title='bbox 935 1925 1062 2000; x_wconf 91' lang='lat' dir='ltr'>arrexit,</span> <span class='ocrx_word' id='word_1_104' title='bbox 1080 1936 1114 1988; x_wconf 91' lang='lat' dir='ltr'>et</span> <span class='ocrx_word' id='word_1_105' title='bbox 1132 1927 1249 1990; x_wconf 89' lang='lat' dir='ltr'>haeret</span> 
     </span>
     <span class='ocr_line' id='line_1_17' title="bbox 293 2029 1227 2109; baseline -0.002 -15"><span class='ocrx_word' id='word_1_106' title='bbox 293 2029 484 2094; x_wconf 89' lang='lat' dir='ltr'>Visceribus</span> <span class='ocrx_word' id='word_1_107' title='bbox 501 2048 601 2109; x_wconf 88' lang='lat' dir='ltr'>super</span> <span class='ocrx_word' id='word_1_108' title='bbox 617 2029 829 2105; x_wconf 89' lang='lat' dir='ltr'>incumbens;</span> <span class='ocrx_word' id='word_1_109' title='bbox 855 2030 935 2092; x_wconf 90' lang='lat' dir='ltr'>lavit</span> <span class='ocrx_word' id='word_1_110' title='bbox 951 2029 1103 2109; x_wconf 90' lang='lat' dir='ltr'>improba</span> <span class='ocrx_word' id='word_1_111' title='bbox 1118 2040 1227 2094; x_wconf 89' lang='lat' dir='ltr'>taeter</span> 
     </span>
    </p>
   </div>
   <div class='ocr_carea' id='block_1_3' title="bbox 208 2140 1261 2845">
    <p class='ocr_par' dir='ltr' id='par_1_7' title="bbox 294 2140 1088 2311">
     <span class='ocr_line' id='line_1_18' title="bbox 294 2140 492 2202; baseline -0.005 0"><span class='ocrx_word' id='word_1_112' title='bbox 294 2140 364 2202; x_wconf 91' lang='lat' dir='ltr'>Ora</span> <span class='ocrx_word' id='word_1_113' title='bbox 380 2159 492 2201; x_wconf 90' lang='lat' dir='ltr'>cruor:</span> 
     </span>
     <span class='ocr_line' id='line_1_19' title="bbox 295 2242 1088 2311; baseline -0.004 -4"><span class='ocrx_word' id='word_1_114' title='bbox 295 2243 350 2307; x_wconf 90' lang='lat' dir='ltr'>Sic</span> <span class='ocrx_word' id='word_1_115' title='bbox 367 2244 431 2305; x_wconf 91' lang='lat' dir='ltr'>ruit</span> <span class='ocrx_word' id='word_1_116' title='bbox 446 2243 616 2311; x_wconf 89' lang='lat' dir='ltr'>indensos</span> <span class='ocrx_word' id='word_1_117' title='bbox 635 2242 744 2306; x_wconf 90' lang='lat' dir='ltr'>alacer</span> <span class='ocrx_word' id='word_1_118' title='bbox 763 2242 948 2306; x_wconf 89' lang='lat' dir='ltr'>Mezentius</span> <span class='ocrx_word' id='word_1_119' title='bbox 965 2244 1088 2305; x_wconf 88' lang='lat' dir='ltr'>hostes.</span> 
     </span>
    </p>

    <p class='ocr_par' dir='ltr' id='par_1_8' title="bbox 208 2346 1261 2845">
     <span class='ocr_line' id='line_1_20' title="bbox 208 2346 1068 2424; baseline 0.002 -18"><span class='ocrx_word' id='word_1_120' title='bbox 208 2372 255 2424; x_wconf 84' lang='lat'>73⁰</span> <span class='ocrx_word' id='word_1_121' title='bbox 295 2347 461 2412; x_wconf 89' lang='lat' dir='ltr'>Sternitur</span> <span class='ocrx_word' id='word_1_122' title='bbox 477 2347 593 2410; x_wconf 83' lang='lat' dir='ltr'>infelix</span> <span class='ocrx_word' id='word_1_123' title='bbox 609 2347 733 2422; x_wconf 89' lang='lat' dir='ltr'>Acron,</span> <span class='ocrx_word' id='word_1_124' title='bbox 752 2357 785 2410; x_wconf 87' lang='lat' dir='ltr'>et</span> <span class='ocrx_word' id='word_1_125' title='bbox 802 2346 946 2410; x_wconf 91' lang='lat' dir='ltr'>calcibus</span> <span class='ocrx_word' id='word_1_126' title='bbox 963 2357 1068 2408; x_wconf 90' lang='lat' dir='ltr'>atram</span> 
     </span>
     <span class='ocr_line' id='line_1_21' title="bbox 293 2451 1261 2533; baseline 0.001 -20"><span class='ocrx_word' id='word_1_127' title='bbox 293 2451 419 2514; x_wconf 90' lang='lat' dir='ltr'>Tundit</span> <span class='ocrx_word' id='word_1_128' title='bbox 436 2452 572 2514; x_wconf 89' lang='lat' dir='ltr'>humum</span> <span class='ocrx_word' id='word_1_129' title='bbox 590 2451 771 2532; x_wconf 85' lang='lat' dir='ltr'>exspirans,</span> <span class='ocrx_word' id='word_1_130' title='bbox 792 2452 1000 2533; x_wconf 81' lang='lat' dir='ltr'>infractaque</span> <span class='ocrx_word' id='word_1_131' title='bbox 1016 2453 1083 2513; x_wconf 87' lang='lat' dir='ltr'>tela</span> <span class='ocrx_word' id='word_1_132' title='bbox 1099 2461 1261 2515; x_wconf 89' lang='lat' dir='ltr'>cruentat.</span> 
     </span>
     <span class='ocr_line' id='line_1_22' title="bbox 278 2555 1258 2644; baseline -0.001 -24"><span class='ocrx_word' id='word_1_133' title='bbox 278 2640 280 2644; x_wconf 11' lang='lat' dir='ltr'>y</span> <span class='ocrx_word' id='word_1_134' title='bbox 337 2557 451 2637; x_wconf 88' lang='lat' dir='ltr'>Atque</span> <span class='ocrx_word' id='word_1_135' title='bbox 467 2556 554 2618; x_wconf 93' lang='lat' dir='ltr'>idem</span> <span class='ocrx_word' id='word_1_136' title='bbox 572 2557 755 2637; x_wconf 85' lang='lat' dir='ltr'>lugientem</span> <span class='ocrx_word' id='word_1_137' title='bbox 774 2556 863 2618; x_wconf 91' lang='lat' dir='ltr'>haud</span> <span class='ocrx_word' id='word_1_138' title='bbox 879 2566 931 2618; x_wconf 90' lang='lat' dir='ltr'>est</span> <span class='ocrx_word' id='word_1_139' title='bbox 946 2556 1102 2636; x_wconf 89' lang='lat' dir='ltr'>dignatus</span> <span class='ocrx_word' id='word_1_140' title='bbox 1120 2555 1258 2619; x_wconf 91' lang='lat' dir='ltr'>Oroden</span> 
     </span>
     <span class='ocr_line' id='line_1_23' title="bbox 294 2660 1201 2741; baseline -0.002 -17"><span class='ocrx_word' id='word_1_141' title='bbox 294 2661 460 2735; x_wconf 81' lang='lat' dir='ltr'>Sternere,</span> <span class='ocrx_word' id='word_1_142' title='bbox 478 2680 539 2722; x_wconf 91' lang='lat' dir='ltr'>nec</span> <span class='ocrx_word' id='word_1_143' title='bbox 556 2660 641 2722; x_wconf 88' lang='lat' dir='ltr'>iacta</span> <span class='ocrx_word' id='word_1_144' title='bbox 659 2680 794 2723; x_wconf 91' lang='lat' dir='ltr'>caecum</span> <span class='ocrx_word' id='word_1_145' title='bbox 812 2661 890 2722; x_wconf 92' lang='lat' dir='ltr'>dare</span> <span class='ocrx_word' id='word_1_146' title='bbox 907 2661 1044 2741; x_wconf 92' lang='lat' dir='ltr'>cuspide</span> <span class='ocrx_word' id='word_1_147' title='bbox 1059 2660 1201 2736; x_wconf 89' lang='lat' dir='ltr'>vulnus;</span> 
     </span>
     <span class='ocr_line' id='line_1_24' title="bbox 293 2764 1081 2845; baseline -0.004 -16"><span class='ocrx_word' id='word_1_148' title='bbox 293 2764 422 2829; x_wconf 90' lang='lat' dir='ltr'>Obvius</span> <span class='ocrx_word' id='word_1_149' title='bbox 439 2765 644 2844; x_wconf 90' lang='lat' dir='ltr'>adversoque</span> <span class='ocrx_word' id='word_1_150' title='bbox 661 2765 811 2839; x_wconf 91' lang='lat' dir='ltr'>occurrit,</span> <span class='ocrx_word' id='word_1_151' title='bbox 830 2783 930 2845; x_wconf 89' lang='lat' dir='ltr'>seque</span> <span class='ocrx_word' id='word_1_152' title='bbox 947 2764 1016 2827; x_wconf 88' lang='lat' dir='ltr'>viro</span> <span class='ocrx_word' id='word_1_153' title='bbox 1032 2765 1081 2826; x_wconf 89' lang='lat' dir='ltr'>vir</span> 
     </span>
    </p>
   </div>
   <div class='ocr_carea' id='block_1_4' title="bbox 206 2871 1308 3868">
    <p class='ocr_par' dir='ltr' id='par_1_9' title="bbox 206 2871 1308 3868">
     <span class='ocr_line' id='line_1_25' title="bbox 206 2871 1171 2949; baseline -0.001 -14"><span class='ocrx_word' id='word_1_154' title='bbox 206 2897 251 2949; x_wconf 84' lang='lat'>735</span> <span class='ocrx_word' id='word_1_155' title='bbox 294 2872 451 2948; x_wconf 89' lang='lat' dir='ltr'>Contulit,</span> <span class='ocrx_word' id='word_1_156' title='bbox 470 2874 558 2936; x_wconf 91' lang='lat' dir='ltr'>baud</span> <span class='ocrx_word' id='word_1_157' title='bbox 576 2875 665 2936; x_wconf 83' lang='lat' dir='ltr'>furto</span> <span class='ocrx_word' id='word_1_158' title='bbox 683 2875 807 2949; x_wconf 89' lang='lat' dir='ltr'>melior,</span> <span class='ocrx_word' id='word_1_159' title='bbox 826 2874 884 2937; x_wconf 91' lang='lat' dir='ltr'>sed</span> <span class='ocrx_word' id='word_1_160' title='bbox 902 2872 1043 2935; x_wconf 83' lang='lat' dir='ltr'>fortibus</span> <span class='ocrx_word' id='word_1_161' title='bbox 1060 2871 1171 2934; x_wconf 91' lang='lat' dir='ltr'>armis.</span> 
     </span>
     <span class='ocr_line' id='line_1_26' title="bbox 293 2976 1203 3059; baseline 0 -21"><span class='ocrx_word' id='word_1_162' title='bbox 293 2978 378 3039; x_wconf 88' lang='lat' dir='ltr'>Turn</span> <span class='ocrx_word' id='word_1_163' title='bbox 396 2998 497 3059; x_wconf 91' lang='lat' dir='ltr'>super</span> <span class='ocrx_word' id='word_1_164' title='bbox 513 2978 677 3040; x_wconf 89' lang='lat' dir='ltr'>abiectum</span> <span class='ocrx_word' id='word_1_165' title='bbox 696 2979 803 3058; x_wconf 90' lang='lat' dir='ltr'>posito</span> <span class='ocrx_word' id='word_1_166' title='bbox 822 2978 906 3058; x_wconf 91' lang='lat' dir='ltr'>pede</span> <span class='ocrx_word' id='word_1_167' title='bbox 923 2979 1019 3039; x_wconf 91' lang='lat' dir='ltr'>nixus</span> <span class='ocrx_word' id='word_1_168' title='bbox 1036 2985 1069 3038; x_wconf 90' lang='lat' dir='ltr'>et</span> <span class='ocrx_word' id='word_1_169' title='bbox 1085 2976 1203 3038; x_wconf 88' lang='lat' dir='ltr'>hasta:</span> 
     </span>
     <span class='ocr_line' id='line_1_27' title="bbox 294 3079 1286 3164; baseline 0 -22"><span class='ocrx_word' id='word_1_170' title='bbox 294 3087 312 3112; x_wconf 84' lang='lat'>‘⁴</span> <span class='ocrx_word' id='word_1_171' title='bbox 325 3082 404 3164; x_wconf 72' lang='lat' dir='ltr'>Bars</span> <span class='ocrx_word' id='word_1_172' title='bbox 420 3080 497 3144; x_wconf 93' lang='lat' dir='ltr'>belli</span> <span class='ocrx_word' id='word_1_173' title='bbox 514 3082 603 3143; x_wconf 91' lang='lat' dir='ltr'>haud</span> <span class='ocrx_word' id='word_1_174' title='bbox 620 3081 810 3157; x_wconf 89' lang='lat' dir='ltr'>temnenda,</span> <span class='ocrx_word' id='word_1_175' title='bbox 829 3081 898 3155; x_wconf 92' lang='lat' dir='ltr'>viri,</span> <span class='ocrx_word' id='word_1_176' title='bbox 917 3083 1002 3143; x_wconf 87' lang='lat' dir='ltr'>iacet</span> <span class='ocrx_word' id='word_1_177' title='bbox 1018 3080 1104 3142; x_wconf 87' lang='lat' dir='ltr'>altus</span> <span class='ocrx_word' id='word_1_178' title='bbox 1122 3079 1286 3143; x_wconf 84' lang='lat' dir='ltr'>Orodes&#39;’</span> 
     </span>
     <span class='ocr_line' id='line_1_28' title="bbox 293 3183 1023 3267; baseline -0.003 -20"><span class='ocrx_word' id='word_1_179' title='bbox 293 3185 511 3247; x_wconf 88' lang='lat' dir='ltr'>Conclamant</span> <span class='ocrx_word' id='word_1_180' title='bbox 529 3184 608 3247; x_wconf 92' lang='lat' dir='ltr'>socii</span> <span class='ocrx_word' id='word_1_181' title='bbox 624 3185 744 3247; x_wconf 89' lang='lat' dir='ltr'>laetum</span> <span class='ocrx_word' id='word_1_182' title='bbox 764 3205 892 3267; x_wconf 90' lang='lat' dir='ltr'>paeana</span> <span class='ocrx_word' id='word_1_183' title='bbox 909 3183 1023 3247; x_wconf 87' lang='lat' dir='ltr'>secuti.</span> 
     </span>
     <span class='ocr_line' id='line_1_29' title="bbox 294 3287 1308 3370; baseline 0 -21"><span class='ocrx_word' id='word_1_184' title='bbox 294 3288 355 3350; x_wconf 91' lang='lat' dir='ltr'>llle</span> <span class='ocrx_word' id='word_1_185' title='bbox 372 3297 481 3350; x_wconf 88' lang='lat' dir='ltr'>autem</span> <span class='ocrx_word' id='word_1_186' title='bbox 499 3288 689 3369; x_wconf 89' lang='lat' dir='ltr'>exspirans:</span> <span class='ocrx_word' id='word_1_187' title='bbox 716 3295 733 3320; x_wconf 83' lang='lat'>‘⁴</span> <span class='ocrx_word' id='word_1_188' title='bbox 747 3290 822 3351; x_wconf 94' lang='lat' dir='ltr'>Non</span> <span class='ocrx_word' id='word_1_189' title='bbox 841 3309 902 3364; x_wconf 92' lang='lat' dir='ltr'>me,</span> <span class='ocrx_word' id='word_1_190' title='bbox 917 3288 1116 3370; x_wconf 91' lang='lat' dir='ltr'>quicumque</span> <span class='ocrx_word' id='word_1_191' title='bbox 1133 3307 1179 3363; x_wconf 92' lang='lat' dir='ltr'>es,</span> <span class='ocrx_word' id='word_1_192' title='bbox 1194 3287 1308 3361; x_wconf 84' lang='lat' dir='ltr'>inulto,</span> 
     </span>
     <span class='ocr_line' id='line_1_30' title="bbox 206 3385 1148 3473; baseline 0.003 -24"><span class='ocrx_word' id='word_1_193' title='bbox 206 3415 253 3464; x_wconf 85' lang='lat'>740</span> <span class='ocrx_word' id='word_1_194' title='bbox 293 3385 418 3466; x_wconf 85' lang='lat' dir='ltr'>Victor,</span> <span class='ocrx_word' id='word_1_195' title='bbox 437 3413 498 3454; x_wconf 89' lang='lat' dir='ltr'>nec</span> <span class='ocrx_word' id='word_1_196' title='bbox 514 3393 652 3472; x_wconf 89' lang='lat' dir='ltr'>longum</span> <span class='ocrx_word' id='word_1_197' title='bbox 670 3392 855 3468; x_wconf 89' lang='lat' dir='ltr'>laetabere;</span> <span class='ocrx_word' id='word_1_198' title='bbox 880 3402 913 3454; x_wconf 89' lang='lat' dir='ltr'>te</span> <span class='ocrx_word' id='word_1_199' title='bbox 929 3411 1061 3473; x_wconf 90' lang='lat' dir='ltr'>quoque</span> <span class='ocrx_word' id='word_1_200' title='bbox 1078 3388 1148 3454; x_wconf 86' lang='lat' dir='ltr'>fata</span> 
     </span>
     <span class='ocr_line' id='line_1_31' title="bbox 293 3495 1251 3578; baseline 0.002 -22"><span class='ocrx_word' id='word_1_201' title='bbox 293 3496 512 3576; x_wconf 86' lang='lat' dir='ltr'>Prospectant</span> <span class='ocrx_word' id='word_1_202' title='bbox 530 3495 631 3578; x_wconf 89' lang='lat' dir='ltr'>paria,</span> <span class='ocrx_word' id='word_1_203' title='bbox 650 3506 749 3577; x_wconf 90' lang='lat' dir='ltr'>atque</span> <span class='ocrx_word' id='word_1_204' title='bbox 766 3496 882 3559; x_wconf 90' lang='lat' dir='ltr'>eadem</span> <span class='ocrx_word' id='word_1_205' title='bbox 900 3517 976 3558; x_wconf 92' lang='lat' dir='ltr'>mox</span> <span class='ocrx_word' id='word_1_206' title='bbox 993 3515 1072 3557; x_wconf 87' lang='lat' dir='ltr'>arva</span> <span class='ocrx_word' id='word_1_207' title='bbox 1087 3495 1251 3558; x_wconf 90' lang='lat' dir='ltr'>tenebis.”</span> 
     </span>
     <span class='ocr_line' id='line_1_32' title="bbox 292 3599 1045 3681; baseline -0.003 -19"><span class='ocrx_word' id='word_1_208' title='bbox 292 3599 348 3662; x_wconf 90' lang='lat' dir='ltr'>Ad</span> <span class='ocrx_word' id='word_1_209' title='bbox 365 3620 450 3681; x_wconf 91' lang='lat' dir='ltr'>quae</span> <span class='ocrx_word' id='word_1_210' title='bbox 467 3599 642 3661; x_wconf 91' lang='lat' dir='ltr'>subridens</span> <span class='ocrx_word' id='word_1_211' title='bbox 659 3599 759 3662; x_wconf 90' lang='lat' dir='ltr'>mixta</span> <span class='ocrx_word' id='word_1_212' title='bbox 778 3601 963 3662; x_wconf 89' lang='lat' dir='ltr'>Mezentius</span> <span class='ocrx_word' id='word_1_213' title='bbox 980 3599 1045 3661; x_wconf 91' lang='lat' dir='ltr'>ira:</span> 
     </span>
     <span class='ocr_line' id='line_1_33' title="bbox 294 3702 1307 3783; baseline 0.001 -19"><span class='ocrx_word' id='word_1_214' title='bbox 294 3707 312 3735; x_wconf 86' lang='lat'><strong>“</strong></span> <span class='ocrx_word' id='word_1_215' title='bbox 325 3703 423 3764; x_wconf 93' lang='lat' dir='ltr'>Nunc</span> <span class='ocrx_word' id='word_1_216' title='bbox 441 3722 578 3764; x_wconf 88' lang='lat' dir='ltr'>morere.</span> <span class='ocrx_word' id='word_1_217' title='bbox 626 3703 691 3764; x_wconf 89' lang='lat' dir='ltr'>Ast</span> <span class='ocrx_word' id='word_1_218' title='bbox 708 3703 749 3764; x_wconf 87' lang='lat' dir='ltr'>de</span> <span class='ocrx_word' id='word_1_219' title='bbox 767 3722 818 3765; x_wconf 92' lang='lat' dir='ltr'>me</span> <span class='ocrx_word' id='word_1_220' title='bbox 835 3702 947 3765; x_wconf 92' lang='lat' dir='ltr'>divum</span> <span class='ocrx_word' id='word_1_221' title='bbox 972 3712 1066 3783; x_wconf 91' lang='lat' dir='ltr'>pater</span> <span class='ocrx_word' id='word_1_222' title='bbox 1086 3712 1185 3783; x_wconf 91' lang='lat' dir='ltr'>atque</span> <span class='ocrx_word' id='word_1_223' title='bbox 1208 3703 1307 3765; x_wconf 91' lang='lat' dir='ltr'>horni-</span> 
     </span>
     <span class='ocr_line' id='line_1_34' title="bbox 379 3825 532 3868; baseline 0 -2"><span class='ocrx_word' id='word_1_224' title='bbox 379 3825 459 3866; x_wconf 92' lang='lat' dir='ltr'>num</span> <span class='ocrx_word' id='word_1_225' title='bbox 476 3825 532 3868; x_wconf 89' lang='lat' dir='ltr'>rex</span> 
     </span>
    </p>
   </div>
   <div class='ocr_carea' id='block_1_5' title="bbox 0 0 1412 4282">
    <p class='ocr_par' dir='ltr' id='par_1_10' title="bbox 0 0 1412 4282">
     <span class='ocr_line' id='line_1_35' title="bbox 0 0 1412 4282; baseline 0 0"><span class='ocrx_word' id='word_1_226' title='bbox 0 0 1412 4282; x_wconf 95' lang='lat' dir='ltr'> </span> 
     </span>
    </p>
   </div>
  </div>
 </body>
</html>
