2816 4282
445 273 562 326 mnan
587 273 819 327 uuoacruus
1122 287 1181 349 303

202 453 370 519 Continuo
387 452 540 516 adversis
557 452 753 538 Tyrrhenus
770 463 804 517 et
819 473 896 518 acer
912 451 1085 520 Aconteus

163 558 273 622 Conixi
289 557 473 620 incurrunt
489 557 601 633 hastis,
621 557 785 640 primique
802 559 930 621 ruinam

164 663 250 724 Dant
266 661 383 725 sonitu
400 661 539 742 ingenti,
558 663 793 744 perfractaque
810 663 1124 745 quadrupedantum

85 776 130 841 615
164 767 299 828 Pectora
316 764 513 848 pectoribus
529 775 705 847 rumpunt;
731 786 890 830 excussus
907 767 1081 855 Aconteus

164 869 325 933 Fulminis
341 869 377 932 in
395 889 522 932 morem
538 879 595 932 aut
611 879 776 933 tormento
794 871 952 952 ponderis
967 872 1041 948 acti,

164 973 365 1056 Praecipitat
380 974 492 1054 longe,
509 982 543 1058 et
558 973 659 1036 vitam
677 974 838 1056 dispergit
854 977 888 1038 in
905 995 1012 1039 auras

165 1079 343 1160 Extemplo
360 1076 515 1140 turbatae
531 1076 629 1153 acies,
646 1078 800 1160 versique
818 1079 929 1142 Latini

165 1181 322 1245 Reiciunt
338 1201 475 1263 parmas
491 1191 524 1244 et
540 1201 644 1264 equos
660 1183 701 1245 ad
719 1182 851 1246 moenia
866 1193 1009 1247 vertunt.

86 1297 131 1348 620
163 1286 268 1350 Troes
285 1295 412 1367 agunt;
438 1284 594 1367 princeps
611 1295 737 1349 turmas
754 1286 880 1350 inducit
895 1287 1018 1352 Asilas
1040 1285 1043 1298 '

166 1389 304 1472 Iamque
322 1388 596 1471 propinquabant
612 1389 725 1472 portis,
742 1410 922 1473 rursusque
941 1392 1051 1456 Latini

165 1495 354 1560 Clamorem
370 1494 502 1569 tollunt,
519 1503 553 1556 et
569 1493 681 1556 mollia
697 1494 781 1557 colla
798 1494 989 1573 reflectunt;

167 1598 213 1661 Hi
229 1598 376 1680 fugiunt,
394 1597 594 1679 penitusque
612 1597 699 1662 datis
717 1599 907 1662 referuntur
923 1598 1071 1664 habenis

209 1701 330 1785 Qualis
346 1700 404 1764 ubi
420 1701 547 1764 alterno
566 1722 763 1783 procurrens
779 1704 910 1784 gurgite
927 1713 1050 1784 pontus

88 1817 131 1882 625
170 1807 200 1869 N
204 1826 270 1870 unc
286 1805 353 1868 ruit
367 1805 411 1868 ad
428 1815 559 1881 terram,
578 1806 801 1888 scopulosque
818 1806 996 1887 superiacit
1012 1808 1102 1870 unda
1184 1819 1186 1824 '

168 1911 345 1992 Spumeus,
363 1919 612 1992 extremamque
630 1910 704 1972 sinu
721 1909 892 1992 perfundit
908 1911 1085 1985 harenam;

170 2016 200 2078 N
204 2035 269 2078 unc
286 2015 423 2097 rapidus
439 2025 527 2078 retro
544 2025 643 2096 atque
660 2023 753 2077 aestu
770 2014 920 2077 revoluta
936 2014 1112 2078 resorbens

171 2119 257 2184 Saxa
272 2120 370 2200 fugit,
389 2119 532 2200 litusque
548 2118 633 2182 vado
649 2118 782 2182 labente
800 2117 963 2199 relinquit.

171 2224 227 2286 Bis
243 2222 347 2286 Tusci
364 2222 508 2286 Rutulos
524 2242 624 2303 egere
641 2223 683 2284 ad
699 2222 830 2285 moenia
846 2241 978 2297 versos;

90 2338 133 2404 630
172 2329 228 2392 Bis
243 2327 358 2392 reiecti
374 2326 474 2390 armis
491 2335 682 2408 respectant
697 2335 792 2407 terga
807 2335 968 2406 tegentes.

170 2433 283 2496 Tertia
300 2432 360 2496 sed
377 2440 555 2513 postquam
571 2431 742 2511 congressi
757 2430 790 2493 in
808 2429 933 2511 proelia
950 2439 1036 2493 totas

172 2536 372 2619 Implicuere
387 2537 475 2598 inter
490 2554 526 2598 se
543 2534 640 2610 acies,
659 2535 805 2615 legitque
821 2534 927 2596 virum
945 2533 1003 2608 vir,

171 2641 257 2704 Tum
273 2660 353 2704 vero
369 2649 403 2704 et
419 2638 563 2721 gemitus
582 2639 791 2713 morientum,
808 2647 841 2700 et
858 2637 1020 2717 sanguine
1037 2640 1070 2700 in
1087 2637 1155 2700 alto

172 2745 345 2827 Armaque
361 2764 566 2826 corporaque
583 2753 617 2806 et
635 2741 788 2824 permixti
804 2741 906 2804 caede
922 2741 1067 2805 virorum

91 2857 134 2923 ⁶35
176 2848 397 2914 Semianimes
412 2848 590 2910 volvuntur
608 2846 703 2929 equi;
728 2866 844 2927 pugna
859 2865 978 2926 aspera
995 2847 1108 2926 surgit.

173 2954 368 3018 Orsilochus
387 2951 528 3026 Remuli,
546 2951 680 3034 quando
698 2950 808 3032 ipsum
825 2949 981 3012 horrebat
997 2949 1096 3023 adire,

175 3057 317 3121 Hastam
334 3055 466 3120 intorsit
481 3076 576 3137 equo,
595 3041 865 3136 ferrumque'sub
882 3072 960 3116 aure
977 3053 1116 3135 reliquit.

174 3162 249 3244 Quo
266 3160 402 3241 sonipes
418 3159 485 3222 ictu
502 3158 583 3221 furit
598 3158 730 3233 arduus,
748 3157 881 3238 altaque
897 3156 998 3219 iactat

173 3264 329 3329 Vulneris
344 3263 523 3345 impatiens
540 3271 667 3325 arrecto
684 3269 818 3342 pectore
835 3281 939 3323 crura.
972 3308 978 3317 .

95 3378 137 3439 640
173 3368 325 3432 Volvitur
340 3367 569 3459 ille-excussus
587 3366 687 3428 humi.
735 3365 874 3428 Catillus
893 3365 1008 3439 Iollan,

176 3471 419 3553 ingentemque
435 3470 562 3545 animis,
580 3469 749 3550 ingentem
767 3489 904 3549 corpore
922 3478 955 3532 et
972 3467 1072 3530 armis

177 3577 284 3639 Deicit
302 3573 525 3648 Herminium,
543 3573 632 3636 nudo
649 3572 701 3635 cui
717 3572 840 3634 vertice
857 3554 949 3634 fulva

176 3679 358 3753 Caesaries,
373 3678 517 3759 nudique
535 3675 657 3752 umeri;
682 3696 743 3738 nec
759 3676 897 3738 vulnera
913 3685 1057 3750 terrent;

176 3783 304 3848 Tantus
319 3783 354 3845 in
370 3802 462 3844 arma
479 3790 579 3862 patet.
628 3781 731 3842 Latos
748 3779 823 3842 huic
841 3779 937 3843 hasta
954 3800 1013 3860 per
1029 3799 1140 3842 armos
