2796 4282
195 283 254 348 124
547 274 706 327 VERGlLl
733 273 933 327 AENEIDOS

190 467 237 531 675
279 454 386 516 “Hoc
402 452 492 530 illud,
511 472 679 534 germana,
698 452 783 516 luit?
807 473 860 516 me
877 452 994 515 fraude
1011 452 1172 534 petebas?

280 559 356 621 Hoc
373 578 475 640 rogus
491 557 552 621 iste
570 557 658 634 mihi,
677 558 741 621 hoc
756 557 852 639 ignes
868 577 1011 640 araeque
1028 557 1215 639 parabant?

279 662 368 745 Quid
386 662 528 744 primum
546 664 677 726 deserta
693 663 834 744 querar?
858 663 1057 725 comitemne
1074 681 1221 726 sororem

280 766 443 848 Sprevisti
460 766 626 829 moriens?
674 767 800 829 Eadem
818 786 871 829 me
887 766 929 828 ad
946 767 1016 828 fata
1032 786 1208 840 vocasses;

282 871 376 933 Idem
393 870 509 933 ambas
526 871 615 933 ferro
632 870 734 946 dolor,
752 880 852 952 atque
868 871 985 934 eadem
1003 872 1084 932 hora
1100 870 1238 934 tulisset.

191 988 238 1036 680
282 975 346 1037 His
362 974 462 1038 etiam
479 976 582 1036 struxi
599 975 760 1050 manibuS,
779 975 969 1056 patriosque
986 976 1101 1038 vocavi

280 1080 371 1142 Voce
388 1079 478 1154 deos,
497 1081 543 1141 sic
558 1088 591 1141 te
607 1088 644 1142 ut
661 1079 769 1160 posita
785 1079 926 1142 crudelis
943 1079 1117 1142 abessem?

281 1183 446 1246 Exstinxti
461 1193 494 1246 te
512 1203 639 1266 meque,
658 1204 758 1259 soror,
777 1183 1004 1265 populumque
1020 1193 1201 1266 patresque

281 1287 435 1351 Sidonios
452 1287 635 1370 urbemque
651 1296 751 1351 tuam.
801 1289 898 1363 Date,
916 1287 1054 1351 vulnera
1070 1288 1217 1372 lymphis

280 1392 436 1466 Abluam,
455 1402 496 1467 66,
514 1402 681 1455 extremus
698 1392 726 1455 si
742 1393 815 1475 quis
832 1413 932 1474 super
948 1392 1069 1456 halitus
1084 1402 1182 1468 errat,

191 1510 237 1576 685
280 1497 349 1561 Ore
366 1496 508 1578 legam.’'
557 1496 612 1561 Sic
629 1497 699 1559 fata
715 1497 839 1578 gradus
855 1506 1006 1560 evaserat
1022 1497 1115 1573 altos,

280 1600 584 1684 Semianimemque
600 1601 674 1663 sinu
690 1621 885 1682 germanam
902 1602 1054 1682 amplexa
1071 1601 1210 1664 fovebat

279 1706 364 1769 Cum
381 1706 516 1787 gemitu,
534 1715 634 1787 atque
651 1715 740 1768 atros
757 1706 903 1769 siccabat
919 1717 1010 1770 veste
1026 1726 1170 1769 cruores

282 1810 352 1885 1116,
370 1830 490 1891 graves
506 1810 619 1872 oculos
636 1819 756 1872 conata
772 1811 932 1886 attollere,
950 1831 1063 1874 rursus

281 1914 421 1988 Deficit;
445 1914 581 1976 infixum
600 1913 707 1976 stridit
723 1914 786 1976 sub
803 1924 937 1996 pectore
954 1915 1081 1978 vulnus.

103 2033 107 2040 ·
190 2032 238 2093 690
279 2019 347 2080 Ter
363 2038 436 2081 sese
452 2018 608 2080 attollens
625 2018 804 2100 cubitoque
821 2018 941 2080 adnixa
957 2018 1097 2094 levavit;

279 2123 346 2184 Ter
362 2123 512 2185 revoluta
528 2132 600 2185 toro
616 2131 676 2197 est,
695 2121 864 2204 oculisque
881 2123 1067 2185 errantibus
1083 2123 1149 2186 alto

280 2226 454 2308 Quaesivit
471 2226 562 2289 66610
579 2225 696 2302 lucem,
711 2227 939 2308 ingemuitque
952 2236 1096 2309 reperta.

322 2332 410 2393 Tum
429 2331 513 2393 luno
530 2330 751 2411 omnipotens,
771 2332 906 2412 longum
923 2331 1078 2394 miserata
1094 2331 1245 2394 dolorem

282 2435 508 2518 Difficilesque
525 2435 643 2510 obitus,
664 2435 742 2497 lrim
760 2435 891 2498 demisit
909 2435 1064 2519 Olymp0,

190 2553 237 2618 695
280 2540 377 2622 Quae
395 2541 575 2605 luctantem
592 2541 736 2602 animam
754 2559 922 2622 nexosque
938 2540 1118 2602 resolveret
1134 2550 1236 2603 artus.

281 2644 368 2705 Nam
385 2644 461 2725 quia
479 2665 540 2707 nec
557 2644 638 2719 lat0,
656 2643 772 2706 merita
789 2663 849 2707 nec
866 2654 972 2706 morte
989 2644 1125 2725 peribat,

280 2747 347 2811 Sed
363 2747 484 2810 misera
501 2757 579 2810 ante
596 2748 692 2822 diem,
711 2747 885 2830 subitoque
902 2768 1043 2812 accensa
1059 2749 1180 2828 lurore,

281 2851 437 2914 Nondum
456 2852 502 2914 illi
518 2852 640 2914 flavum
662 2852 858 2932 Proserpina
874 2853 996 2915 vertice
1012 2853 1137 2916 crinem

279 2956 484 3031 Abstulerat,
503 2957 688 3040 Stygioque
704 2966 805 3038 caput
821 2958 1037 3020 damnaverat
1053 2957 1153 3020 Orco.

191 3088 237 3136 700
280 3062 371 3140 Ergo
390 3060 452 3123 Iris
469 3062 593 3122 croceis
611 3080 670 3142 per
685 3060 813 3122 caelum
830 3061 960 3123 roscida
976 3063 1103 3142 pennis,

281 3165 374 3227 Mille
391 3165 528 3227 trahens
545 3165 652 3227 varios
670 3165 810 3228 adverso
828 3167 896 3228 sole
913 3164 1050 3241 colores,

281 3268 432 3341 Devolat‚
452 3277 485 3330 et
502 3288 603 3350 supra
620 3278 722 3350 caput
738 3269 882 3332 adstitit:
909 3275 927 3300 “
940 3270 1042 3332 Hunc
1058 3289 1121 3350 ego
1139 3269 1211 3332 Diti
1254 3275 1266 3282 ’“

280 3373 418 3436 Sacrum
436 3373 524 3434 iussa
541 3373 621 3448 fero,
639 3382 739 3454 teque
757 3373 818 3435 isto
835 3392 974 3454 corpore
995 3374 1118 3436 solvo.”

280 3477 334 3541 Sic
351 3477 405 3550 ait,
423 3486 456 3539 et
473 3477 588 3539 dextra
603 3477 728 3540 crinem
746 3487 857 3540 secat:
882 3479 989 3540 omnis
1005 3488 1037 3541 66
1054 3498 1120 3540 006

192 3607 238 3659 705
282 3581 441 3661 Dilapsus
457 3580 557 3655 calor,
574 3590 674 3662 atque
691 3580 724 3642 in
741 3590 859 3644 ventos
875 3581 943 3645 vita
958 3584 1103 3645 recessit.
