2816 4282
199 307 262 374 310
551 297 710 353 VERGIL1
737 297 937 356 taurinos

197 489 246 552 840
287 477 521 561 Ingemuitque
538 478 694 561 deditque
711 480 771 542 has
787 479 854 544 imo
870 489 1005 562 pectore
1022 499 1141 544 voces:

286 583 396 645 “Heu
413 583 559 658 nimium,
577 583 680 664 virgo,
699 583 836 646 nimium
853 585 987 663 crudele
1005 585 1112 649 luisti.

286 686 504 768 Supplicium,
523 688 671 749 Teucros
688 697 807 750 conata
823 689 985 752 lacessere
1002 689 1107 752 bello!

287 791 358 854 Nec
375 790 433 854 tibi
449 791 601 878 desertae
617 790 649 853 in
666 791 776 854 dumis
793 792 933 856 coluisse
953 793 1097 855 Dianam

286 894 421 971 Profuit,
440 903 497 956 aut
514 904 645 957 nostras
661 915 776 958 umero
793 897 937 975 gessisse
955 897 1103 977 sagittas.

197 1009 244 1074 845
288 1000 365 1062 Non
383 1009 493 1062 tamen
511 998 700 1061 indecorem
716 1008 774 1062 tua
790 1009 823 1062 te
840 999 955 1080 regina
971 1000 1103 1083 reliquit

286 1105 442 1167 Extrema
459 1105 524 1166 iarn
541 1105 574 1165 in
593 1113 714 1178 morte;
740 1123 848 1186 neque
866 1105 928 1166 hoc
946 1103 1017 1168 sine
1034 1104 1171 1168 nomine
1187 1106 1285 1168 letum

287 1209 348 1271 Per
363 1218 481 1288 gentes
498 1207 567 1284 erit,
586 1217 643 1271 aut
659 1208 785 1270 famam
804 1207 939 1288 patieris
955 1208 1089 1271 inultae.

286 1313 373 1374 Nam
390 1312 590 1393 quicumque
608 1322 701 1374 tuum
721 1311 855 1374 violavit
872 1312 1008 1375 vulnere
1023 1333 1158 1393 corpus,

286 1418 394 1479 Morte
410 1417 478 1479 luet
497 1416 643 1478 merita.''
694 1417 771 1479 Fuit
788 1416 907 1498 ingens
925 1426 1037 1480 monte
1055 1416 1118 1479 sub
1134 1418 1203 1480 alto

197 1523 246 1596 85ὸ
287 1521 390 1600 Regis
408 1519 578 1583 Dercenni
594 1528 726 1582 terreno
742 1540 783 1583 ex
798 1541 921 1602 aggere
938 1521 1071 1584 bustum

285 1623 425 1705 Antiqui
443 1625 628 1700 Laurentis,
647 1644 818 1706 opacaque
835 1625 908 1688 ilice
924 1616 1068 1702 tectum;

287 1727 351 1790 Hic
368 1728 430 1790 dea
446 1748 482 1790 se
499 1730 642 1809 primum
660 1729 776 1810 rapido
794 1729 1017 1811 pulcherrima
1033 1730 1107 1792 nisu

286 1831 380 1895 Sistit
396 1840 429 1894 et
447 1833 629 1894 Arruntem
646 1833 774 1895 tumulo
791 1833 984 1914 speculatur
999 1832 1041 1896 ab
1058 1834 1134 1898 alto.

285 1937 333 2000 Ut
350 1935 431 1998 vidit
447 1937 627 1999 laetantem
645 1936 764 1999 animis
782 1957 820 2000 ac
836 1957 923 1999 vana
940 1947 1134 2012 tumentem,

197 2051 244 2117 855
286 2045 304 2072 “
317 2041 385 2103 C'ur
397 2040 413 2062 ’'
431 2039 538 2121 inquit
557 2040 737 2103 “diversus
754 2040 848 2104 abis?
872 2042 935 2104 huc
952 2040 1065 2122 derige
1082 2061 1245 2122 gressum,

287 2145 364 2206 Huc
382 2143 527 2225 periture
543 2145 627 2218 veni,
646 2146 759 2226 capias
776 2153 812 2208 ut
828 2145 930 2226 digna
947 2146 1106 2210 Camillae

287 2247 444 2311 Praemia.
493 2248 590 2311 Tune
606 2249 706 2311 etiam
724 2248 798 2311 telis
815 2251 955 2313 moriere
975 2248 1127 2312 Dianae?
1140 2250 1156 2273 ”

331 2350 430 2427 Dixit,
447 2361 480 2414 et
496 2362 612 2414 aurata
628 2353 797 2416 volucrem
814 2353 972 2415 Threissa
988 2352 1146 2433 sagittam

287 2455 504 2537 Deprompsit
522 2456 687 2537 pharetra,
706 2476 875 2538 cornuque
892 2457 1025 2520 infensa
1042 2457 1193 2532 tetendit,

196 2569 245 2619 860
287 2560 331 2622 Et
346 2559 438 2622 duxit
454 2560 563 2640 longe,
581 2561 687 2624 donec
705 2571 841 2624 curvata
857 2563 982 2624 coirent

287 2665 378 2726 Inter
394 2682 428 2726 se
446 2663 565 2744 capita,
583 2673 617 2727 et
633 2665 786 2726 manibus
803 2665 868 2726 iam
885 2674 1037 2745 tangeret
1053 2665 1178 2747 aequis,

286 2767 399 2829 Laeva
415 2767 518 2831 aciem
537 2769 625 2843 ferri,
644 2768 760 2831 dextra
776 2788 945 2850 nervoque
962 2769 1129 2850 papillam.

286 2871 462 2952 Extemplo
479 2871 535 2935 teli
555 2872 729 2935 stridorem
746 2893 910 2955 aurasque
926 2882 1083 2937 sonantes

285 2975 402 3038 Audiit
418 2995 485 3038 una
502 2976 642 3052 ArrunS,
662 2977 835 3058 haesitque
852 2977 885 3039 in
903 2997 1041 3058 corpore
1059 2978 1193 3040 ferrum.

196 3090 243 3156 865
287 3080 385 3142 Illum
402 3079 625 3160 exspirantem
643 3081 724 3144 socii
742 3091 841 3163 atque
858 3092 1004 3145 extrema
1020 3091 1220 3161 gementem.

285 3183 388 3248 Obliti
406 3183 520 3264 ignoto
538 3205 731 3266 camporum
749 3187 782 3249 in
800 3186 937 3268 pulvere
954 3185 1125 3266 linquunt;

285 3288 370 3368 Opis
386 3287 428 3350 ad
444 3289 627 3352 aetherium
645 3291 764 3370 pennis
779 3291 929 3354 aufertur
945 3289 1138 3373 Olympum.

330 3392 438 3454 Prima
455 3392 550 3474 fugit,
568 3393 703 3456 domina
720 3393 850 3470 amissa,
869 3393 948 3456 levis
964 3393 1017 3455 ala
1034 3392 1213 3469 Camillae;
1261 3473 1266 3484 Ι

285 3498 424 3562 Turbati
441 3500 575 3582 fugiunt
594 3501 717 3574 Rutuli,
736 3500 823 3581 fugit
838 3509 914 3562 acer
930 3499 1061 3574 Atinas
1149 3503 1153 3511 “

197 3613 245 3677 870
286 3602 491 3684 Disiectique
509 3604 610 3666 duces
627 3603 832 3684 desolatique
850 3602 987 3685 manipli

285 3707 373 3768 Tuta
389 3715 516 3787 petunt,
533 3715 566 3770 et
582 3705 676 3787 equis
693 3707 799 3770 aversi
815 3707 857 3769 ad
874 3706 1004 3770 moenia
1019 3707 1170 3770 tendunt.

286 3810 357 3872 Nec
374 3807 548 3891 quisquam
566 3810 728 3872 instantes
745 3811 892 3874 Teucros
909 3811 1079 3894 letumque
1096 3811 1243 3874 ferentes
