2800 4286
225 308 284 387 196
576 317 734 370 VERGlLl
761 317 961 370 AENEIDOS

309 495 374 559 llic
392 495 535 560 subitam
551 496 689 560 canibus
705 496 830 559 rabiem
848 495 985 580 Cocytia
1001 495 1096 577 virgo

218 611 268 670 480
309 599 421 665 Obicit
438 610 471 664 et
486 610 565 664 noto
581 620 679 663 nares
695 600 858 681 contingit
874 601 983 674 odore,

308 704 357 770 Ut
372 725 507 768 cervum
524 705 680 768 ardentes
697 714 854 786 agerent:
879 723 964 786 quae
981 705 1090 786 prima
1106 705 1258 768 laborum

308 809 419 872 Causa
435 809 499 871 fuit
514 809 668 891 belloque
688 809 816 872 animos
833 808 985 872 accendit
1002 819 1164 891 agrestes.

352 913 478 978 Cervus
494 923 566 977 erat
583 914 691 976 forma
708 913 891 995 praestanti
908 923 941 977 et
957 913 1114 977 cornibus
1131 915 1261 995 ingens,

306 1019 494 1102 Tyrrhidae
511 1020 605 1101 pueri
621 1039 720 1100 quem
737 1018 851 1081 matris
867 1018 909 1081 ab
926 1017 1028 1081 ubere
1043 1027 1180 1100 raptum

218 1133 266 1198 485
309 1122 490 1187 Nutribant
505 1124 743 1206 Tyrrheusque
761 1133 865 1204 pater,
883 1125 936 1186 cui
952 1123 1043 1204 regia
1059 1132 1184 1208 parent

307 1228 481 1304 Armenta,
500 1237 534 1291 et
549 1228 616 1290 late
632 1227 782 1290 custodia
799 1227 925 1290 credita
942 1227 1060 1310 campi.

306 1330 496 1396 Adsuetum
513 1332 660 1414 imperiis
678 1353 770 1395 soror
787 1334 877 1395 omni
894 1332 997 1396 Silvia
1013 1351 1093 1394 cura

307 1437 466 1500 Mollibus
482 1438 634 1499 intexens
652 1437 792 1499 ornabat
809 1457 934 1510 cornua
955 1436 1061 1511 sertiS,

308 1541 531 1624 Pectebatque
548 1542 666 1616 ferum,
685 1561 835 1623 puroque
851 1542 885 1603 in
902 1541 994 1604 fonte
1011 1541 1155 1605 lavabat.

216 1670 266 1717 490
307 1646 378 1721 ille,
397 1666 531 1707 manum
549 1647 681 1727 patiens
696 1665 900 1727 mensaeque
916 1645 1074 1708 adsuetus
1090 1644 1173 1721 erili,

307 1749 450 1813 Errabat
465 1749 565 1826 silviS,
584 1769 764 1831 rursusque
779 1749 821 1811 ad
838 1749 953 1811 limina
968 1759 1048 1812 nota

307 1855 385 1936 Ipse
402 1855 538 1917 domum
554 1875 628 1916 sera
644 1853 796 1936 quamvis
813 1873 849 1916 se
865 1863 963 1916 nocte
980 1854 1119 1916 ferebat.

350 1959 452 2020 Hunc
469 1958 586 2040 procul
600 1966 767 2021 errantem
783 1957 920 2020 rabidae
935 1957 1088 2020 venantis
1107 1958 1173 2020 Iuli

305 2063 524 2127 Commovere
540 2082 651 2137 canes,
669 2062 769 2125 fluvio
786 2083 862 2125 cum
878 2063 965 2124 forte
982 2061 1130 2124 secundo

215 2189 264 2242 495
307 2166 488 2242 Deflueret‚
506 2166 643 2248 ripaque
660 2177 772 2229 aestus
788 2166 953 2228 viridante
969 2166 1102 2228 levaret.

307 2272 386 2352 lpse
402 2271 511 2346 etiam,
529 2271 669 2334 eximiae
685 2271 792 2333 laudis
808 2291 989 2334 succensus
1005 2289 1128 2345 amore,

305 2375 474 2439 Ascanius
490 2396 590 2438 curvo
607 2376 734 2438 derexit
750 2375 878 2456 spicula
896 2395 1018 2451 cornu,

307 2481 380 2543 Nec
396 2481 532 2544 dextrae
546 2480 672 2542 erranti
688 2480 771 2542 deus
787 2479 881 2555 afuit,
899 2489 1040 2562 actaque
1056 2480 1161 2542 multo

306 2585 435 2666 Perque
451 2593 581 2647 uterum
598 2585 709 2647 sonitu
727 2603 853 2665 perque
870 2583 926 2645 ilia
942 2583 1034 2645 venit
1049 2584 1189 2646 arundo.

217 2713 266 2764 500
305 2688 447 2752 Saucius
462 2697 498 2750 at
512 2688 703 2769 quadrupes
718 2697 799 2749 nota
814 2687 901 2749 intra
915 2697 1005 2750 tecta
1019 2687 1155 2768 refugit,

305 2793 540 2874 Successitque
556 2811 695 2872 gemens
711 2791 858 2867 stabulis
875 2801 1062 2874 questuque
1078 2801 1237 2855 cruentus

305 2897 420 2979 Atque
435 2895 628 2977 imploranti
643 2897 759 2958 similis
774 2907 900 2959 tectum
916 2916 1014 2959 omne
1029 2895 1191 2976 replebat.

349 3001 452 3065 Siltia
467 2999 574 3081 prima
590 3020 690 3075 soror,
707 3000 828 3081 palmis
843 3020 1003 3082 percussa
1018 3000 1169 3074 lacertos,

305 3104 477 3168 Auxilium
493 3113 591 3166 vocat
606 3113 641 3166 et
655 3104 756 3167 duros
772 3105 961 3167 conclamat
976 3113 1135 3184 agrestes

217 3233 264 3283 505
305 3208 382 3284 Olli,
400 3209 504 3289 pestis
520 3207 608 3270 enim
624 3208 733 3270 tacitis
751 3209 832 3272 latet
847 3229 967 3290 aspera
982 3209 1083 3281 silvis,

306 3311 482 3393 Improvisi
498 3313 629 3388 adsunt,
647 3313 701 3375 hic
717 3324 806 3377 torre
822 3324 970 3376 armatus
986 3312 1115 3386 obusto,

305 3415 436 3499 Stipitis
454 3417 506 3480 hic
522 3417 651 3499 gratidi
667 3418 782 3492 nodis:
806 3418 894 3499 quod
910 3417 1030 3500 cuique
1045 3427 1215 3497 repertum

305 3521 465 3596 Rimanti,
482 3523 585 3584 telum
601 3523 649 3583 im
666 3521 756 3584 facit.
802 3523 912 3585 Vocat
926 3521 1062 3602 agmina
1077 3521 1262 3604 Tyrrheus,

304 3626 534 3707 Quadrifidanr
551 3646 710 3706 quercum
727 3627 841 3688 cuneis
857 3637 894 3688 ut
909 3626 998 3688 forte
1013 3623 1140 3688 coactis-

216 3753 266 3806 510
305 3729 496 3804 Scindebat,
513 3739 610 3809 rapta
625 3730 757 3810 spirans
773 3729 918 3791 immane
933 3728 1050 3792 securi.

305 3834 354 3896 At
369 3853 470 3896 saera
485 3852 504 3894 e
520 3833 665 3914 speculis
680 3843 815 3914 tempus
828 3833 892 3898 dea
907 3841 1006 3898 nacta
1020 3833 1165 3899 nocendi
