2822 4294
214 317 253 384 72
574 311 732 364 VERGILI
759 311 955 364 AENEIDOS

303 490 345 552 Et
362 497 492 552 summi)
508 489 605 571 clipei
623 500 823 572 nequiquam
842 490 983 552 umbc'mc
1002 489 1172 572 pependit.

284 593 362 658 -Cui
380 595 545 677 Pyrrhus:
571 600 589 626 “
602 595 743 657 Reieres
759 601 839 674 ergri
855 595 936 656 haec
953 603 986 656 et
1002 593 1139 656 mintius
1155 592 1217 655 ibis

302 698 433 760 Pelidae
451 697 609 779 genitium
635 699 679 760 illi
696 717 771 760 mea
787 698 891 760 tristia
909 698 997 760 facta

302 805 579 884 Degeneremque
598 803 855 884 Neoptolemum
874 810 1007 865 narrare
1024 808 1200 864 mementd.

213 933 259 984 55ο
302 908 399 969 Nunc
417 907 575 969 morere.''
624 908 699 970 Huc
717 907 830 969 dicens
848 907 963 970 altaria
976 907 1017 969 ad
1030 908 1105 988 ipsa
1117 913 1313 968 trementem

299 1011 414 1074 Traxit
429 1021 463 1074 et
479 1011 511 1073 in
530 1011 633 1074 multu
649 1012 836 1093 lapsantem
853 1012 1016 1093 sanguine
1033 1019 1110 1086 nati,

301 1116 534 1198 Implicuitque
552 1136 681 1180 comam
698 1116 801 1192 laeva,
820 1117 1001 1198 dextrique
1017 1135 1193 1179 coruscum

302 1221 426 1283 Extulit
444 1242 481 1284 ac
500 1222 592 1284 lateri
609 1223 728 1303 capuli)
744 1231 842 1285 tenus
858 1221 985 1284 abdidit
1001 1228 1125 1283 ensem.

301 1326 397 1388 Haec
414 1326 492 1388 finis
510 1327 629 1388 Priami
647 1327 810 1402 faturum
836 1327 888 1388 hic
905 1327 1012 1388 exitus
1028 1325 1120 1386 illum

213 1455 258 1506 555
301 1430 397 1493 Sorte
415 1416 496 1504 tulit,
515 1430 648 1493 Triuiam
665 1430 835 1493 incensam
853 1440 885 1494 et
903 1431 1059 1511 prdlaipsa
1075 1428 1242 1491 videntem

302 1534 472 1613 Pergama,
491 1543 539 1597 tot
557 1535 725 1616 quondam
744 1536 874 1616 populis
891 1543 1053 1615 terrisque
1067 1531 1248 1613 superbum

302 1638 526 1718 Regnatdrem
545 1639 657 1700 Asiae.
707 1640 798 1702 Iacet
815 1639 934 1719 ingens
951 1639 1045 1700 litore
1061 1647 1210 1708 truncus,

301 1724 533 1822 Avulsumque
550 1752 672 1804 umeris
689 1751 798 1830 caput,
816 1754 849 1806 et
866 1742 936 1805 sine
953 1741 1089 1804 mimine
1106 1759 1236 1820 corpus

344 1949 392 2011 At
408 1956 460 2011 me
476 1959 546 2011 tum
563 1959 705 2030 primum
723 1971 841 2014 saevus
858 1949 1076 2013 circumstetit
1092 1950 1218 2012 horror.

215 2063 259 2128 560
301 2051 476 2134 Obstipui;
502 2053 602 2116 subiit
618 2061 685 2116 cari
701 2053 860 2135 genitinis
876 2056 996 2135 imagi),

302 2157 348 2219 Ut
365 2164 476 2236 regem
494 2177 698 2239 aequaevum
717 2159 842 2220 crudeli
857 2159 993 2220 vulnere
1011 2158 1078 2220 vidi

300 2260 411 2322 Vitam
428 2262 659 2337 exhalantem
685 2262 784 2324 subiit
801 2264 931 2326 deserta
950 2263 1087 2336 Creusa,

302 2363 345 2424 Et
362 2364 491 2444 direpta
507 2364 633 2440 domuS,
651 2375 684 2427 et
702 2376 794 2445 parvi
811 2373 908 2428 casus
927 2367 998 2428 inlr.

303 2466 468 2547 Respicis),
486 2477 527 2541 et,
546 2488 631 2549 quae
649 2469 690 2531 sit
707 2477 759 2530 me
775 2470 897 2532 circum
916 2469 1020 2551 copia,
1039 2470 1153 2531 lustri).

215 2580 259 2646 565
303 2569 488 2633 Deseruere
506 2579 621 2636 omnes
639 2572 772 2647 defessi,
790 2582 822 2635 et
840 2593 980 2654 corpora
993 2562 1082 2635 ”saltu

301 2672 356 2733 Ad
373 2682 493 2735 terram
513 2682 631 2736 misere
649 2686 705 2738 aut
721 2677 854 2756 ignibus
872 2697 972 2756 aegra
989 2677 1119 2739 dedere.

346 2777 484 2857 lamque
501 2777 585 2839 adef>
602 2799 701 2859 super
719 2787 804 2841 unus
821 2800 922 2855 cram,
940 2800 1014 2843 cum
1033 2781 1147 2843 limina
1163 2779 1289 2842 Vestae

302 2878 496 2941 Servantem
514 2891 546 2943 et
563 2883 697 2944 tacitam
715 2890 842 2945 secreta
858 2883 891 2945 in
909 2885 988 2947 sede
1006 2885 1164 2946 latentem

301 2982 493 3064 Tyndarida
511 2985 654 3064 aspici63
680 2986 760 3048 dant
778 2987 866 3049 clara
883 2989 1036 3051 incendia
1054 2988 1161 3050 lucem

216 3108 261 3158 570
304 3085 435 3146 Erranti
453 3087 643 3169 passimque
660 3091 772 3152 ocultis
790 3110 849 3171 per
866 3099 986 3154 cuncta
1003 3092 1134 3154 ferenti.

304 3187 364 3248 itia
381 3187 442 3249 sibi
458 3190 598 3252 infestus
616 3199 731 3254 eversa
748 3193 790 3255 ob
808 3195 969 3275 Pergama
987 3197 1136 3257 Teucrris

304 3290 345 3350 Et
363 3299 487 3369 poenas
506 3294 660 3356 Danaum
677 3307 709 3358 et
726 3299 847 3359 deserti
868 3298 1018 3379 coniugis
1033 3306 1100 3361 iras

304 3394 548 3470 Praemetuens,
566 3399 685 3460 Triuiae
702 3411 735 3462 et
752 3401 877 3481 patriae
895 3404 1080 3465 communis
1100 3403 1235 3486 ErinyS,

302 3495 487 3559 Abdiderat
504 3507 576 3562 sese
593 3511 692 3581 atque
708 3511 772 3565 airis
789 3504 894 3567 invisa
911 3506 1057 3568 sedebat.

217 3621 262 3673 575
306 3598 465 3661 Exarsere
482 3610 576 3680 ignes
593 3605 721 3678 animr'>;
746 3607 832 3670 subit
849 3618 897 3670 ira
913 3610 1088 3673 cadentem

306 3701 431 3762 Ulcisci
448 3704 586 3781 patriam
605 3715 637 3766 et
655 3709 831 3771 sceleratas
848 3719 977 3775 sumere
996 3721 1131 3794 poenas

307 3805 323 3831 “
336 3800 467 3901 Scilicet
484 3805 565 3866 haec
585 3807 738 3886 Spartam
756 3812 929 3877 incolumis
946 3819 1138 3899 patriasque
1158 3819 1317 3902 Mycenas
