2816 4282
208 345 272 409 300
566 333 724 386 varroni
751 301 951 388 Auumbos

297 514 478 588 Praemisit,
497 523 673 596 quaterent
689 533 826 595 campos
838 534 844 589 ;
858 514 941 596 'ipse
960 515 1064 577 ardua
1079 515 1204 578 montis

297 620 358 682 Per
374 619 506 682 deserta
521 618 599 698 iugo
616 637 779 698 superans
797 619 955 681 adventat
971 619 1013 680 ad
1030 619 1157 682 urbem.

208 748 255 802 515
298 725 400 786 Furta
416 743 498 805 paro
514 722 592 784 belli
609 740 755 784 convexo
772 723 805 784 in
823 724 953 784 tramite
970 723 1082 798 silvae,

297 831 345 894 Ut
361 828 466 890 bivias
482 835 610 889 armato
626 825 776 888 obsidam
795 825 897 888 milite
914 827 1039 890 fauces

296 934 349 996 Tu
366 932 576 1017 Tyrrhenum
593 931 737 1011 equitem
755 929 882 992 collatis
899 932 1013 1012 excipe
1030 933 1136 1013 signis
1146 955 1153 1009 ;

296 1039 422 1101 Tecum
439 1057 515 1100 acer
534 1037 712 1118 Messapus
729 1037 799 1112 erit,
817 1045 1011 1118 turmaeque
1032 1037 1186 1111 Latinae,

297 1141 492 1223 Tiburtique
509 1161 646 1216 manus;
671 1140 765 1203 ducis
782 1150 814 1204 et
830 1149 866 1203 tu
883 1143 1021 1222 concipe
1037 1141 1187 1204 curam.’'

209 1270 258 1323 520
342 1246 396 1310 Sic
412 1246 467 1321 ait,
485 1255 518 1308 et
533 1245 668 1326 paribus
687 1247 882 1326 Messapum
899 1245 932 1307 in
949 1244 1074 1326 proelia
1090 1245 1189 1310 dictis

298 1350 462 1413 Hortatur
477 1349 651 1431 sociosque
668 1350 779 1425 duceS,
797 1358 831 1411 et
847 1349 956 1430 pergit
972 1349 1005 1410 in
1022 1349 1164 1413 hostem.

299 1455 359 1516 Est
375 1473 476 1516 curvo
492 1454 646 1516 anfractu
663 1453 776 1528 valles,
796 1453 1012 1516 accommoda
1028 1453 1141 1516 fraudi

297 1558 544 1639 Armorumque
561 1557 655 1632 dolis,
673 1577 773 1638 quam
790 1557 904 1619 densis
920 1557 1095 1620 frondibus
1112 1567 1223 1620 atrum

298 1663 407 1742 Urget
422 1663 587 1742 utrimque
604 1661 700 1736 latuS,
718 1660 827 1724 tenuis
844 1681 910 1742 quo
926 1660 1043 1724 semita
1060 1661 1153 1723 ducit

210 1789 256 1843 5²5
298 1767 541 1846 Angustaeque
557 1766 671 1827 ierunt
686 1765 803 1828 fauces
819 1765 993 1846 aditusque
1009 1764 1159 1846 maligni.

300 1871 399 1932 Hanc
416 1889 516 1950 super
531 1870 565 1930 in
583 1869 727 1950 speculis
745 1888 940 1951 summoque
956 1870 989 1931 in
1006 1868 1130 1932 vertice
1147 1869 1270 1932 montis

299 1973 455 2035 Planities
471 1973 587 2053 ignota
603 1974 697 2048 iacet,
716 1973 844 2054 tutique
861 1992 1021 2048 recessus

299 2078 366 2142 Seu
383 2078 499 2140 dextra
515 2076 677 2158 laevaque
692 2077 775 2138 velis
792 2095 964 2140 occurrere
984 2097 1128 2158 pugnae,

299 2181 376 2246 Sive
392 2183 516 2244 instare
532 2181 619 2262 iugis
635 2191 668 2244 et
684 2181 824 2262 grandia
839 2181 972 2244 volvere
989 2201 1076 2242 saxa.

212 2310 260 2362 530
300 2286 378 2348 Huc
394 2284 522 2347 iuvenis
539 2295 617 2347 nota
634 2285 741 2347 fertur
757 2287 892 2365 regione
909 2285 1046 2357 viarum,

299 2389 517 2470 Arripuitque
534 2390 642 2452 locum
659 2399 693 2452 et
709 2390 799 2451 silvis
816 2389 937 2451 insedit
953 2388 1082 2469 iniquis.

342 2493 500 2555 Velocem
517 2494 645 2556 interea
662 2493 791 2574 superis
808 2492 840 2554 in
858 2493 992 2555 sedibus
1010 2491 1121 2573 Opim,

301 2599 413 2662 Unam
430 2617 469 2659 ex
485 2596 670 2677 virginibus
688 2596 785 2658 sociis
803 2615 963 2677 sacraque
979 2605 1122 2670 caterva,

301 2701 531 2782 Compellabat
548 2710 581 2762 et
596 2700 657 2762 has
673 2701 785 2762 tristes
810 2700 952 2762 Latonia
967 2719 1066 2762 voces

214 2828 260 2882 535
302 2806 370 2867 Ore
387 2804 506 2866 dabat:
532 2810 550 2837 “
561 2803 719 2868 Graditur
733 2803 857 2866 bellum
874 2803 915 2865 ad
932 2803 1066 2866 crudele
1083 2803 1236 2880 Camilla,

223 2935 226 2942 ·
303 2909 333 2972 O
350 2909 453 2988 virg0,
471 2918 503 2970 et
519 2909 641 2970 nostris
657 2907 858 2988 nequiquam
876 2907 1021 2988 cingitur
1036 2909 1145 2983 armis,

302 3013 388 3076 Cara
404 3011 484 3073 mihi
501 3022 578 3074 ante
595 3012 685 3074 alias.
735 3011 853 3092 Neque
870 3011 959 3072 enim
975 3031 1081 3074 novus
1097 3011 1160 3074 iste
1178 3011 1308 3075 Dianae

301 3115 404 3179 Venit
420 3135 521 3189 amor,
540 3116 715 3196 subitaque
733 3116 879 3176 animum
897 3113 1072 3177 dulcedine
1089 3115 1201 3177 movit.

347 3219 496 3282 “Pulsus
513 3219 555 3280 ob
572 3219 729 3281 invidiam
747 3237 852 3299 regno
867 3217 1022 3300 viresque
1038 3217 1203 3299 superbas

216 3348 264 3400 540
305 3323 462 3386 Priverno
477 3325 616 3405 antiqua
633 3322 789 3385 Metabus
806 3342 881 3384 cum
898 3322 1073 3384 excederet
1088 3322 1179 3396 urbe,

305 3427 473 3490 infantem
492 3427 626 3507 fugiens
642 3427 752 3490 media
767 3428 854 3490 inter
872 3425 999 3507 proelia
1014 3423 1093 3488 belli

306 3531 445 3596 Sustulit
461 3532 575 3594 exsilio
591 3530 755 3605 comitem,
773 3529 956 3612 matrisque
972 3529 1105 3593 vocavit

306 3635 451 3696 Nomine
469 3634 655 3708 Casmillae,
673 3642 801 3696 mutata
817 3643 923 3714 parte,
942 3633 1128 3697 Camillam.

307 3737 385 3816 Ipse
403 3737 476 3798 sinu
494 3755 573 3816 prae
590 3757 626 3799 se
642 3746 780 3816 portans
797 3736 876 3817 iuga
892 3737 993 3817 longa
1011 3738 1148 3819 petebat

220 3860 266 3913 545
308 3838 461 3901 Solorum
477 3858 669 3912 nemorum3
693 3839 759 3902 tela
776 3839 922 3921 undique
938 3860 1039 3904 saeva
1056 3842 1266 3922 premebant,
