2800 4286
516 293 632 346 mesu
657 293 789 348 nouus
1143 304 1203 369 245

169 473 290 536 Prima
308 474 405 556 petit,
424 495 493 536 non
510 474 565 536 illa
581 474 696 551 virum,
715 495 782 538 non
798 476 854 538 illa
872 475 986 557 pericli

85 586 130 648 480
168 578 412 661 Telorumque
430 599 558 642 memor
568 601 575 656 ;
601 579 728 642 caelum
745 579 865 643 dehinc
883 581 1054 663 questibus
1070 581 1203 663 implet:

217 688 237 714 “
252 684 362 746 Hunc
380 703 448 764 ego
461 692 503 758 te,
524 683 676 767 Euryale,
697 683 844 765 aspicio?
869 693 950 748 tune
966 686 1020 748 ille
1037 696 1191 750 senectae

170 787 263 851 Sera
282 808 380 852 meae
397 787 539 869 requies
558 787 695 869 potuisti
712 788 860 870 linquere
877 790 992 866 solam,

171 891 362 956 Crudelis?
386 900 509 967 necte,
527 892 588 955 sub
605 901 699 955 tanta
717 892 864 974 pericula
880 896 1029 970 missum,

171 995 305 1060 Adfari
321 1007 510 1060 extremum
526 996 667 1060 miserae
683 998 761 1060 data
777 1001 873 1080 copia
889 999 1008 1061 matri?

86 1108 131 1174 485
176 1101 272 1178 Heu,
291 1112 383 1165 terra
400 1102 515 1183 ignota
532 1102 670 1164 canibus
687 1103 765 1165 data
781 1104 905 1185 praeda
924 1104 1052 1166 Latinis

175 1207 400 1290 Alitibusque
416 1207 524 1270 iaces!
549 1227 610 1271 nec
627 1218 669 1284 te,
687 1217 746 1271 tua
762 1209 882 1271 funera
899 1217 1005 1271 mater

177 1312 339 1388 Produxi,
357 1311 507 1393 pressive
523 1311 645 1388 oculos
664 1322 720 1375 aut
737 1312 874 1375 vulnera
891 1313 963 1387 lavi,

176 1416 287 1478 Veste
304 1426 434 1497 tegens,
452 1415 512 1478 tibi
528 1437 628 1498 quam
645 1426 760 1480 noctes
777 1415 900 1479 festina
916 1416 1053 1499 diesque

180 1520 360 1601 Urgebam
378 1530 411 1582 et
426 1520 494 1582 tela
509 1541 605 1584 curas
622 1520 753 1583 solabar
768 1520 882 1584 aniles

92 1646 140 1693 490
182 1624 262 1706 Quo
278 1625 423 1706 sequar?
447 1634 505 1688 aut
521 1645 606 1706 quae
622 1645 711 1688 nunc
728 1635 818 1687 artus
835 1625 1016 1707 avulsaque
1032 1626 1181 1689 membra

185 1729 230 1791 Et
247 1729 351 1791 funus
369 1731 515 1792 lacerum
532 1731 630 1793 tellus
647 1729 770 1792 habet?
817 1731 893 1792 Hoc
909 1730 990 1792 mihi
1006 1731 1048 1793 de
1063 1740 1105 1806 te,

185 1834 283 1909 Nate,
302 1832 432 1896 refers?
456 1834 519 1896 hoc
537 1856 609 1898 sum
625 1843 780 1918 terraque
796 1836 945 1915 marique
962 1835 1098 1897 secuta?

186 1937 296 2018 Figite
312 1958 375 2014 me,
394 1939 422 2000 si
439 1959 505 2020 qua
521 1948 572 2002 est
588 1941 703 2021 pietas
721 1939 755 2001 in
771 1959 824 2001 me
841 1939 952 2002 omnia
967 1939 1033 2001 tela

189 2041 346 2117 Conicite,
364 2063 384 2104 o
402 2041 526 2118 Rutuli,
544 2063 597 2106 me
613 2045 754 2125 primam
771 2044 935 2106 absumite
951 2043 1061 2120 ferro;

100 2167 146 2220 495
189 2146 258 2208 Aut
274 2157 321 2222 tu,
339 2166 461 2227 magne
478 2157 574 2228 pater
589 2147 711 2224 divum,
729 2149 895 2223 miserere,
913 2157 1036 2229 tuoque

189 2251 335 2313 Invisum
354 2251 419 2313 hoc
435 2251 575 2315 detrude
591 2262 692 2333 caput
708 2252 770 2314 sub
787 2253 927 2315 Tartara
942 2245 1018 2328 t'elo,

187 2355 331 2436 Quando
348 2355 444 2418 aliter
459 2375 589 2438 nequeo
606 2357 774 2419 crudelem
791 2356 988 2438 abrumpere
1003 2356 1136 2419 vitam.'’

230 2460 306 2523 Hoc
324 2459 403 2522 fletu
421 2462 573 2523 concussi
590 2461 700 2536 animi,
719 2471 933 2543 maestusque
950 2481 1010 2542 per
1026 2480 1141 2523 omnes

187 2564 217 2626 It
234 2563 399 2644 gemitus;
423 2574 557 2646 torpent
574 2565 736 2627 infractae
752 2566 795 2628 ad
811 2565 937 2647 proelia
952 2564 1048 2627 vires,

104 2689 150 2741 500
188 2668 284 2730 lllam
302 2668 537 2730 incendentem
555 2669 662 2732 luctus
680 2669 803 2732 Idaeus
819 2679 852 2732 et
869 2670 974 2732 Actor

187 2773 305 2836 Ilionei
322 2773 449 2835 monitu
467 2782 500 2836 et
517 2773 656 2836 multum
674 2773 878 2836 lacrimantis
896 2773 960 2836 Iuli

186 2877 387 2958 Corripiunt,
406 2877 557 2959 interque
575 2899 693 2941 manus
711 2878 773 2940 sub
788 2888 878 2941 tecta
894 2887 1069 2959 reponunt.

228 2983 277 3045 At
293 2981 374 3044 tuba
389 2981 569 3044 terribilem
588 2985 731 3045 sonitum
750 2982 866 3064 procul
883 3001 959 3045 aere
975 3002 1097 3044 canoro

187 3087 378 3168 increpuit3
404 3085 553 3167 sequitur
569 3087 702 3162 clamor,
721 3087 917 3169 caelumque
932 3085 1084 3166 remugit.

103 3213 145 3265 505
185 3191 389 3254 Accelerant
405 3200 479 3254 acta
496 3191 620 3272 pariter
636 3190 804 3254 testudine
820 3190 945 3266 Volsci,

187 3296 231 3357 Et
247 3295 357 3358 fossas
373 3294 511 3376 implere
528 3305 648 3377 parant
664 3316 703 3358 ac
720 3296 842 3359 vellere
858 3295 990 3356 vallum.

186 3396 362 3478 Quaerunt
379 3416 455 3477 pars
472 3397 606 3474 aditum,
624 3408 658 3461 et
674 3397 771 3460 scalis
788 3396 967 3458 ascendere
985 3415 1105 3470 muros

187 3501 264 3583 Qua
279 3521 356 3563 rara
372 3510 424 3564 est
439 3501 526 3565 acies
544 3502 786 3584 interlucetque
802 3521 924 3564 corona

187 3605 265 3667 Non
282 3615 351 3667 tam
369 3605 477 3686 spissa
492 3606 579 3669 viris.
628 3607 783 3670 Telorum
806 3607 979 3669 effundere
1001 3615 1117 3668 contra

103 3732 147 3785 519
188 3708 298 3773 Omne
315 3729 423 3790 genus
440 3710 559 3772 Teucri
577 3730 615 3773 ac
632 3711 722 3773 duris
739 3710 915 3773 detrudere
932 3711 1047 3785 contis,

187 3813 332 3876 Adsueti
349 3813 449 3894 longo
465 3834 577 3876 muros
594 3813 777 3876 defendere
793 3813 889 3875 bello.
