2800 4286
204 317 264 382 190
556 312 715 364 VERGlLl
742 309 939 364 AENEIDOS

288 489 426 554 Talibus
443 491 625 555 Aeneadae
641 491 737 554 donis
753 490 913 572 dictisque
931 488 1042 552 Latini

201 605 246 671 285
289 593 456 658 Sublimes
472 595 506 657 in
522 595 616 678 equis
633 595 782 668 redeunt,
801 611 984 684 pacemque
1001 599 1183 672 reportant.

333 804 422 868 Ecce
438 813 549 868 autem
568 804 715 868 Inachiis
730 823 805 868 sese
820 801 986 866 referebat
1001 800 1043 864 ab
1061 800 1165 881 Argis

288 907 398 972 Saeva
414 907 504 972 lovis
521 910 673 984 coniunx,
690 926 855 990 aurasque
870 906 1001 969 invecta
1016 903 1164 978 tenebat,

291 1013 333 1074 Et
349 1011 471 1076 laetum
490 1013 632 1075 Aenean
649 1013 856 1094 classemque
872 1031 912 1073 ex
928 1010 1063 1073 aethere
1080 1008 1181 1089 longe

290 1115 496 1178 Dardaniam
513 1115 625 1184 Siculo
641 1117 811 1198 prospexit
826 1115 868 1177 ab
885 1133 991 1197 usque
1008 1112 1176 1196 Pachyno.

201 1245 247 1294 290
291 1218 403 1282 Moliri
418 1219 483 1282 iam
499 1229 589 1283 tecta
603 1220 703 1296 videt,
719 1209 785 1282 iam
802 1219 904 1282 fidere
919 1228 1036 1292 terrae,

290 1323 487 1387 Deseruisse
502 1333 600 1387 rates.
647 1323 746 1388 Stetit
762 1322 830 1386 acri
845 1323 909 1385 fixa
924 1321 1056 1396 dolore3

288 1427 374 1489 Tum
392 1448 555 1509 quassans
571 1438 674 1511 caput
689 1428 771 1491 haec
786 1426 930 1491 effundit
946 1434 1081 1508 pectore
1098 1425 1207 1488 dicta:

334 1531 440 1594 “Heu
457 1531 593 1613 stirpem
610 1531 765 1606 invisam,
777 1541 811 1594 et
828 1529 907 1594 fatis
922 1527 1088 1593 contraria
1105 1528 1236 1591 nostris.

291 1636 375 1698 Fata
393 1635 582 1720 Phrygum!
607 1655 687 1698 num
705 1635 813 1717 Sigeis
829 1633 1027 1700 occumbere
1041 1631 1181 1715 campis,

201 1763 246 1814 ²95
294 1739 384 1801 Num
401 1741 490 1821 capti
506 1749 645 1821 potuere
661 1739 756 1821 capi?
779 1759 860 1802 num
876 1738 1014 1801 incensa
1028 1736 1190 1799 cremavit

289 1842 389 1905 Troia
403 1842 515 1905 viros?
540 1843 666 1906 medias
682 1843 770 1906 acies
787 1843 980 1924 mediosque
996 1861 1057 1923 per
1071 1839 1170 1921 ignes

289 1945 453 2008 Invenere
468 1945 565 2009 viam.
614 1947 670 2023 At,
687 1947 797 2022 credo,
814 1966 889 2009 mea
903 1945 1040 2008 numina
1055 1942 1193 2006 tandem

290 2050 395 2112 Fessa
410 2049 529 2125 iacent,
547 2050 631 2114 odiis
647 2060 705 2113 aut
720 2059 909 2114 exsaturata
924 2048 1042 2132 quievi,
1054 2084 1098 2094 —

288 2153 380 2235 Quin
396 2153 495 2217 etiam
512 2154 619 2236 patria
635 2174 794 2217 excussos
808 2153 932 2217 infesta
947 2173 1007 2236 per
1023 2152 1131 2216 undas

200 2283 248 2333 300
288 2256 385 2320 Ausa
400 2259 503 2340 sequi,
521 2267 555 2322 et
570 2258 723 2340 profugis
738 2267 810 2322 toto
826 2278 879 2321 me
895 2276 1066 2341 opponere
1082 2264 1197 2338 ponto.

288 2360 501 2443 Absumptae
516 2362 550 2423 in
567 2363 716 2425 Teucros
731 2363 818 2425 vires
833 2361 983 2444 caelique
999 2360 1175 2442 marisque.

290 2463 379 2546 Quid
397 2464 523 2548 Syrtes,
541 2475 597 2528 aut
614 2465 727 2550 Scylla
745 2465 835 2541 mihi,
853 2464 932 2548 quid
947 2474 1042 2527 vasta
1059 2461 1248 2546 Charybdis

290 2567 440 2631 Profuit?
466 2578 581 2651 optato
596 2569 785 2633 conduntur
801 2568 983 2654 Thybridis
998 2568 1102 2643 alveo,

289 2671 405 2736 Securi
420 2672 531 2754 pelagi
548 2683 647 2755 atque
663 2674 738 2736 mei.
786 2674 880 2736 Mars
896 2672 1036 2755 perdere
1051 2680 1188 2753 gentem
1204 2743 1207 2748 ¹

200 2799 246 2851 305
289 2774 475 2839 Immanem
493 2776 674 2858 Lapithum
690 2776 811 2854 valuit;
836 2775 1001 2840 concessit
1016 2774 1050 2837 in
1066 2775 1132 2838 iras

290 2878 368 2960 Ipse
384 2878 484 2942 deum
501 2881 671 2961 antiquam
687 2880 818 2962 genitor
834 2879 1009 2964 Calydona
1026 2881 1176 2942 Dianae:

290 2979 389 3062 Quod
410 2983 520 3046 scelus
541 2992 599 3045 aut
623 2983 786 3065 Lapithas
806 2992 947 3059 tantum,
967 2992 1025 3045 aut
1046 2981 1223 3066 Calydona
1243 3000 1306 3042 me·-

376 3085 526 3149 rentem?

289 3188 356 3252 Ast
370 3207 443 3270 ego,
460 3209 585 3272 magna
602 3190 691 3254 Iovis
706 3191 859 3267 coniunx,
877 3191 923 3254 nil
940 3191 1091 3273 linquere
1106 3191 1263 3252 inausum

290 3289 385 3372 Quae
402 3293 494 3372 potui
510 3292 635 3369 infelix,
652 3314 738 3376 quae
755 3304 877 3358 memet
892 3296 926 3357 in
942 3294 1055 3357 omnia
1070 3294 1164 3368 verti,

200 3420 247 3469 310
287 3395 414 3458 Vincor
429 3395 471 3457 ab
489 3396 616 3459 Aenea.
664 3397 763 3478 Quod
779 3399 807 3460 si
823 3418 898 3461 mea
915 3398 1052 3460 numina
1068 3417 1135 3459 non
1152 3407 1234 3459 sunt

185 3578 189 3586 Ι
290 3499 418 3580 Magna
441 3499 531 3574 satis,
549 3499 698 3563 dubitem
721 3501 811 3565 haud
834 3501 990 3583 equidem
1014 3501 1196 3588 implorare
1220 3497 1304 3582 quod

376 3619 516 3683 usquam
532 3613 591 3665 est.

290 3704 441 3767 Flectere
457 3703 485 3766 si
500 3725 630 3787 nequeo
645 3727 794 3790 superos,
811 3709 1008 3773 Acheronta
1023 3710 1174 3774 movebo.
1396 3735 1397 3817 y

292 3805 370 3868 Non
386 3803 519 3872 dabitur
534 3807 657 3891 regnis,
673 3819 755 3886 esto,
773 3812 950 3898 prohibere
969 3812 1107 3888 Latinis,
1392 3814 1395 3864 l
