<?xml version="1.0" encoding="UTF-8"?>
<!DOCTYPE html PUBLIC "-//W3C//DTD XHTML 1.0 Transitional//EN"
    "http://www.w3.org/TR/xhtml1/DTD/xhtml1-transitional.dtd">
<html xmlns="http://www.w3.org/1999/xhtml" xml:lang="en" lang="en">
 <head>
  <title>
</title>
<meta http-equiv="Content-Type" content="text/html;charset=utf-8" />
  <meta name='ocr-system' content='tesseract 3.04.00' />
  <meta name='ocr-capabilities' content='ocr_page ocr_carea ocr_par ocr_line ocrx_word'/>
</head>
<body>
  <div class='ocr_page' id='page_1' title='image "./virgilsaeneidbo00denngoog_0347.png"; bbox 0 0 2816 4282; ppageno 0'>
   <div class='ocr_carea' id='block_1_1' title="bbox 194 301 933 396">
    <p class='ocr_par' dir='ltr' id='par_1_1' title="bbox 194 301 933 396">
     <span class='ocr_line' id='line_1_1' title="bbox 194 301 933 396; baseline -0.011 -34"><span class='ocrx_word' id='word_1_1' title='bbox 194 301 255 396; x_wconf 53' lang='lat'>328</span> <span class='ocrx_word' id='word_1_2' title='bbox 552 301 709 354; x_wconf 77' lang='lat' dir='ltr'>vanem</span> <span class='ocrx_word' id='word_1_3' title='bbox 736 301 933 354; x_wconf 71' lang='lat' dir='ltr'>Aruernos</span> 
     </span>
    </p>
   </div>
   <div class='ocr_carea' id='block_1_2' title="bbox 187 480 1288 3893">
    <p class='ocr_par' dir='ltr' id='par_1_2' title="bbox 278 480 1191 877">
     <span class='ocr_line' id='line_1_2' title="bbox 326 480 1180 561; baseline -0.001 -16"><span class='ocrx_word' id='word_1_4' title='bbox 326 482 428 546; x_wconf 90' lang='lat' dir='ltr'>Haud</span> <span class='ocrx_word' id='word_1_5' title='bbox 446 482 555 544; x_wconf 89' lang='lat' dir='ltr'>minus</span> <span class='ocrx_word' id='word_1_6' title='bbox 572 481 707 544; x_wconf 87' lang='lat' dir='ltr'>Aeneas</span> <span class='ocrx_word' id='word_1_7' title='bbox 723 489 827 543; x_wconf 89' lang='lat' dir='ltr'>tortos</span> <span class='ocrx_word' id='word_1_8' title='bbox 845 480 924 561; x_wconf 90' lang='lat' dir='ltr'>legit</span> <span class='ocrx_word' id='word_1_9' title='bbox 940 480 1057 544; x_wconf 91' lang='lat' dir='ltr'>obvius</span> <span class='ocrx_word' id='word_1_10' title='bbox 1073 481 1180 556; x_wconf 89' lang='lat' dir='ltr'>orbes,</span> 
     </span>
     <span class='ocr_line' id='line_1_3' title="bbox 279 579 1191 669; baseline -0.005 -18"><span class='ocrx_word' id='word_1_11' title='bbox 279 588 501 669; x_wconf 89' lang='lat' dir='ltr'>Vestigatque</span> <span class='ocrx_word' id='word_1_12' title='bbox 517 587 623 648; x_wconf 92' lang='lat' dir='ltr'>virum</span> <span class='ocrx_word' id='word_1_13' title='bbox 640 594 674 648; x_wconf 91' lang='lat' dir='ltr'>et</span> <span class='ocrx_word' id='word_1_14' title='bbox 685 579 827 647; x_wconf 80' lang='lat' dir='ltr'>¹disiecta</span> <span class='ocrx_word' id='word_1_15' title='bbox 843 604 903 666; x_wconf 92' lang='lat' dir='ltr'>per</span> <span class='ocrx_word' id='word_1_16' title='bbox 919 584 1053 664; x_wconf 86' lang='lat' dir='ltr'>agmina</span> <span class='ocrx_word' id='word_1_17' title='bbox 1069 605 1191 666; x_wconf 88' lang='lat' dir='ltr'>magna</span> 
     </span>
     <span class='ocr_line' id='line_1_4' title="bbox 278 687 1187 772; baseline -0.003 -17"><span class='ocrx_word' id='word_1_18' title='bbox 278 692 372 755; x_wconf 88' lang='lat' dir='ltr'>Voce</span> <span class='ocrx_word' id='word_1_19' title='bbox 387 700 494 753; x_wconf 90' lang='lat' dir='ltr'>vocat.</span> <span class='ocrx_word' id='word_1_20' title='bbox 543 689 706 772; x_wconf 82' lang='lat' dir='ltr'><strong>Quotiens</strong></span> <span class='ocrx_word' id='word_1_21' title='bbox 722 689 835 752; x_wconf 91' lang='lat' dir='ltr'>oculos</span> <span class='ocrx_word' id='word_1_22' title='bbox 852 687 991 751; x_wconf 91' lang='lat' dir='ltr'>coniecit</span> <span class='ocrx_word' id='word_1_23' title='bbox 1007 688 1040 750; x_wconf 91' lang='lat' dir='ltr'>in</span> <span class='ocrx_word' id='word_1_24' title='bbox 1057 689 1187 752; x_wconf 87' lang='lat' dir='ltr'>hostem</span> 
     </span>
     <span class='ocr_line' id='line_1_5' title="bbox 280 794 1154 877; baseline -0.003 -19"><span class='ocrx_word' id='word_1_25' title='bbox 280 795 530 877; x_wconf 90' lang='lat' dir='ltr'>Alipedumque</span> <span class='ocrx_word' id='word_1_26' title='bbox 547 795 663 875; x_wconf 84' lang='lat' dir='ltr'>lugam</span> <span class='ocrx_word' id='word_1_27' title='bbox 680 813 779 856; x_wconf 92' lang='lat' dir='ltr'>cursu</span> <span class='ocrx_word' id='word_1_28' title='bbox 794 794 968 874; x_wconf 90' lang='lat' dir='ltr'>temptavit</span> <span class='ocrx_word' id='word_1_29' title='bbox 984 813 1154 875; x_wconf 94' lang='lat' dir='ltr'>equorum,</span> 
     </span>
    </p>

    <p class='ocr_par' dir='ltr' id='par_1_3' title="bbox 190 898 1007 972">
     <span class='ocr_line' id='line_1_6' title="bbox 190 898 1007 972; baseline -0.005 -9"><span class='ocrx_word' id='word_1_30' title='bbox 190 906 237 972; x_wconf 83' lang='lat'>485</span> <span class='ocrx_word' id='word_1_31' title='bbox 278 900 427 963; x_wconf 89' lang='lat' dir='ltr'>Aversos</span> <span class='ocrx_word' id='word_1_32' title='bbox 443 899 565 962; x_wconf 90' lang='lat' dir='ltr'>totiens</span> <span class='ocrx_word' id='word_1_33' title='bbox 581 900 696 961; x_wconf 82' lang='lat' dir='ltr'>curius</span> <span class='ocrx_word' id='word_1_34' title='bbox 714 898 854 960; x_wconf 86' lang='lat' dir='ltr'>Iuturna</span> <span class='ocrx_word' id='word_1_35' title='bbox 868 899 1007 961; x_wconf 88' lang='lat' dir='ltr'><strong>retorsit.</strong></span> 
     </span>
    </p>

    <p class='ocr_par' dir='ltr' id='par_1_4' title="bbox 280 1001 1219 1397">
     <span class='ocr_line' id='line_1_7' title="bbox 281 1001 1219 1086; baseline -0.003 -19"><span class='ocrx_word' id='word_1_36' title='bbox 281 1005 367 1080; x_wconf 88' lang='lat' dir='ltr'>Heu,</span> <span class='ocrx_word' id='word_1_37' title='bbox 386 1003 466 1086; x_wconf 95' lang='lat' dir='ltr'>quid</span> <span class='ocrx_word' id='word_1_38' title='bbox 483 1003 584 1084; x_wconf 90' lang='lat' dir='ltr'>agat?</span> <span class='ocrx_word' id='word_1_39' title='bbox 630 1002 731 1065; x_wconf 90' lang='lat' dir='ltr'>Vario</span> <span class='ocrx_word' id='word_1_40' title='bbox 748 1002 949 1085; x_wconf 88' lang='lat' dir='ltr'>nequiquam</span> <span class='ocrx_word' id='word_1_41' title='bbox 965 1001 1103 1065; x_wconf 87' lang='lat' dir='ltr'>fluctuat</span> <span class='ocrx_word' id='word_1_42' title='bbox 1119 1012 1219 1077; x_wconf 91' lang='lat' dir='ltr'>aestu,</span> 
     </span>
     <span class='ocr_line' id='line_1_8' title="bbox 281 1106 1163 1191; baseline -0.005 -20"><span class='ocrx_word' id='word_1_43' title='bbox 281 1110 509 1191; x_wconf 88' lang='lat' dir='ltr'>Diversaeque</span> <span class='ocrx_word' id='word_1_44' title='bbox 525 1117 647 1184; x_wconf 81' lang='lat' dir='ltr'>vocant</span> <span class='ocrx_word' id='word_1_45' title='bbox 663 1109 810 1169; x_wconf 90' lang='lat' dir='ltr'>animum</span> <span class='ocrx_word' id='word_1_46' title='bbox 826 1106 859 1168; x_wconf 91' lang='lat' dir='ltr'>in</span> <span class='ocrx_word' id='word_1_47' title='bbox 876 1107 1040 1169; x_wconf 90' lang='lat' dir='ltr'>contraria</span> <span class='ocrx_word' id='word_1_48' title='bbox 1055 1127 1163 1170; x_wconf 90' lang='lat' dir='ltr'>curae.</span> 
     </span>
     <span class='ocr_line' id='line_1_9' title="bbox 280 1210 1165 1293; baseline -0.011 -17"><span class='ocrx_word' id='word_1_49' title='bbox 280 1214 371 1276; x_wconf 89' lang='lat' dir='ltr'>Huic</span> <span class='ocrx_word' id='word_1_50' title='bbox 389 1213 577 1293; x_wconf 89' lang='lat' dir='ltr'>Messapus,</span> <span class='ocrx_word' id='word_1_51' title='bbox 595 1212 644 1273; x_wconf 94' lang='lat' dir='ltr'>uti</span> <span class='ocrx_word' id='word_1_52' title='bbox 660 1212 755 1273; x_wconf 90' lang='lat' dir='ltr'>laeva</span> <span class='ocrx_word' id='word_1_53' title='bbox 771 1210 837 1272; x_wconf 95' lang='lat' dir='ltr'>duo</span> <span class='ocrx_word' id='word_1_54' title='bbox 853 1211 939 1273; x_wconf 78' lang='lat' dir='ltr'>torte</span> <span class='ocrx_word' id='word_1_55' title='bbox 955 1210 1094 1292; x_wconf 86' lang='lat' dir='ltr'>gerebat</span> <span class='ocrx_word' id='word_1_56' title='bbox 1147 1237 1165 1266; x_wconf 54' lang='grc' dir='ltr'><strong>ο</strong></span> 
     </span>
     <span class='ocr_line' id='line_1_10' title="bbox 280 1314 1046 1397; baseline -0.004 -17"><span class='ocrx_word' id='word_1_57' title='bbox 280 1318 396 1392; x_wconf 89' lang='lat' dir='ltr'>Lenta,</span> <span class='ocrx_word' id='word_1_58' title='bbox 414 1316 495 1379; x_wconf 94' lang='lat' dir='ltr'>levis</span> <span class='ocrx_word' id='word_1_59' title='bbox 512 1335 621 1391; x_wconf 93' lang='lat' dir='ltr'>cursu,</span> <span class='ocrx_word' id='word_1_60' title='bbox 640 1315 786 1397; x_wconf 88' lang='lat' dir='ltr'>praefixa</span> <span class='ocrx_word' id='word_1_61' title='bbox 803 1314 934 1376; x_wconf 92' lang='lat' dir='ltr'>hastilia</span> <span class='ocrx_word' id='word_1_62' title='bbox 950 1315 1046 1389; x_wconf 84' lang='lat' dir='ltr'>ferro,</span> 
     </span>
    </p>

    <p class='ocr_par' dir='ltr' id='par_1_5' title="bbox 188 1418 1104 1604">
     <span class='ocr_line' id='line_1_11' title="bbox 188 1418 1104 1500; baseline 0.002 -22"><span class='ocrx_word' id='word_1_63' title='bbox 188 1443 239 1491; x_wconf 81' lang='lat'>490</span> <span class='ocrx_word' id='word_1_64' title='bbox 279 1422 409 1484; x_wconf 90' lang='lat' dir='ltr'>Horum</span> <span class='ocrx_word' id='word_1_65' title='bbox 426 1440 529 1482; x_wconf 92' lang='lat' dir='ltr'>unum</span> <span class='ocrx_word' id='word_1_66' title='bbox 546 1430 636 1482; x_wconf 90' lang='lat' dir='ltr'>certo</span> <span class='ocrx_word' id='word_1_67' title='bbox 652 1428 877 1500; x_wconf 86' lang='lat' dir='ltr'>contorquens</span> <span class='ocrx_word' id='word_1_68' title='bbox 894 1418 1013 1499; x_wconf 86' lang='lat' dir='ltr'>derigit</span> <span class='ocrx_word' id='word_1_69' title='bbox 1027 1419 1104 1481; x_wconf 91' lang='lat' dir='ltr'>ictu.</span> 
     </span>
     <span class='ocr_line' id='line_1_12' title="bbox 279 1522 1018 1604; baseline -0.007 -15"><span class='ocrx_word' id='word_1_70' title='bbox 279 1524 435 1590; x_wconf 89' lang='lat' dir='ltr'>Substitit</span> <span class='ocrx_word' id='word_1_71' title='bbox 452 1524 597 1598; x_wconf 74' lang='lat' dir='ltr'>Aeneas</span> <span class='ocrx_word' id='word_1_72' title='bbox 615 1532 650 1585; x_wconf 91' lang='lat' dir='ltr'>et</span> <span class='ocrx_word' id='word_1_73' title='bbox 665 1542 701 1585; x_wconf 90' lang='lat' dir='ltr'>se</span> <span class='ocrx_word' id='word_1_74' title='bbox 717 1522 852 1604; x_wconf 87' lang='lat' dir='ltr'>collegit</span> <span class='ocrx_word' id='word_1_75' title='bbox 866 1522 900 1585; x_wconf 91' lang='lat' dir='ltr'>in</span> <span class='ocrx_word' id='word_1_76' title='bbox 917 1543 1018 1597; x_wconf 91' lang='lat' dir='ltr'>arma,</span> 
     </span>
    </p>

    <p class='ocr_par' dir='ltr' id='par_1_6' title="bbox 277 1626 1203 1918">
     <span class='ocr_line' id='line_1_13' title="bbox 279 1626 1203 1713; baseline -0.006 -19"><span class='ocrx_word' id='word_1_77' title='bbox 279 1629 407 1713; x_wconf 90' lang='lat' dir='ltr'>Poplite</span> <span class='ocrx_word' id='word_1_78' title='bbox 424 1628 618 1704; x_wconf 90' lang='lat' dir='ltr'>subsidens;</span> <span class='ocrx_word' id='word_1_79' title='bbox 645 1627 774 1708; x_wconf 91' lang='lat' dir='ltr'>apicem</span> <span class='ocrx_word' id='word_1_80' title='bbox 790 1637 903 1689; x_wconf 87' lang='lat' dir='ltr'>tamen</span> <span class='ocrx_word' id='word_1_81' title='bbox 921 1626 1021 1689; x_wconf 92' lang='lat' dir='ltr'>incita</span> <span class='ocrx_word' id='word_1_82' title='bbox 1037 1646 1203 1690; x_wconf 92' lang='lat' dir='ltr'>summum</span> 
     </span>
     <span class='ocr_line' id='line_1_14' title="bbox 281 1730 1162 1814; baseline -0.007 -16"><span class='ocrx_word' id='word_1_83' title='bbox 281 1737 390 1798; x_wconf 89' lang='lat' dir='ltr'>Hasta</span> <span class='ocrx_word' id='word_1_84' title='bbox 404 1734 488 1808; x_wconf 91' lang='lat' dir='ltr'>tulit,</span> <span class='ocrx_word' id='word_1_85' title='bbox 508 1749 722 1814; x_wconf 88' lang='lat' dir='ltr'>summasque</span> <span class='ocrx_word' id='word_1_86' title='bbox 739 1731 882 1794; x_wconf 88' lang='lat' dir='ltr'>excussit</span> <span class='ocrx_word' id='word_1_87' title='bbox 898 1732 1021 1793; x_wconf 88' lang='lat' dir='ltr'>vertice</span> <span class='ocrx_word' id='word_1_88' title='bbox 1038 1730 1162 1793; x_wconf 92' lang='lat' dir='ltr'>cristas.</span> 
     </span>
     <span class='ocr_line' id='line_1_15' title="bbox 277 1834 1166 1918; baseline -0.008 -15"><span class='ocrx_word' id='word_1_89' title='bbox 277 1842 364 1903; x_wconf 93' lang='lat' dir='ltr'>Tum</span> <span class='ocrx_word' id='word_1_90' title='bbox 380 1858 459 1901; x_wconf 92' lang='lat' dir='ltr'>vero</span> <span class='ocrx_word' id='word_1_91' title='bbox 476 1837 663 1918; x_wconf 86' lang='lat' dir='ltr'>adsurgunt</span> <span class='ocrx_word' id='word_1_92' title='bbox 679 1835 765 1910; x_wconf 90' lang='lat' dir='ltr'>irae;</span> <span class='ocrx_word' id='word_1_93' title='bbox 790 1834 983 1918; x_wconf 92' lang='lat' dir='ltr'>insidiisque</span> <span class='ocrx_word' id='word_1_94' title='bbox 1000 1834 1166 1909; x_wconf 91' lang='lat' dir='ltr'>subactus,</span> 
     </span>
    </p>

    <p class='ocr_par' dir='ltr' id='par_1_7' title="bbox 187 1939 1138 2118">
     <span class='ocr_line' id='line_1_16' title="bbox 187 1939 1138 2022; baseline -0.009 -14"><span class='ocrx_word' id='word_1_95' title='bbox 187 1967 235 2020; x_wconf 84' lang='lat'>495</span> <span class='ocrx_word' id='word_1_96' title='bbox 276 1944 435 2007; x_wconf 86' lang='lat' dir='ltr'>Diversus</span> <span class='ocrx_word' id='word_1_97' title='bbox 451 1941 508 2004; x_wconf 94' lang='lat' dir='ltr'>ubi</span> <span class='ocrx_word' id='word_1_98' title='bbox 526 1942 626 2003; x_wconf 88' lang='lat' dir='ltr'>sentit</span> <span class='ocrx_word' id='word_1_99' title='bbox 643 1960 746 2022; x_wconf 91' lang='lat' dir='ltr'>equos</span> <span class='ocrx_word' id='word_1_100' title='bbox 764 1959 962 2021; x_wconf 89' lang='lat' dir='ltr'>currumque</span> <span class='ocrx_word' id='word_1_101' title='bbox 978 1939 1103 2013; x_wconf 81' lang='lat' dir='ltr'>referri,</span> <span class='ocrx_word' id='word_1_102' title='bbox 1134 2007 1138 2014; x_wconf 52' lang='grc'>,</span> 
     </span>
     <span class='ocr_line' id='line_1_17' title="bbox 279 2043 1086 2118; baseline -0.006 -7"><span class='ocrx_word' id='word_1_103' title='bbox 279 2048 387 2111; x_wconf 91' lang='lat' dir='ltr'>Multa</span> <span class='ocrx_word' id='word_1_104' title='bbox 405 2046 519 2109; x_wconf 94' lang='lat' dir='ltr'>Iovem</span> <span class='ocrx_word' id='word_1_105' title='bbox 537 2055 570 2107; x_wconf 91' lang='lat' dir='ltr'>et</span> <span class='ocrx_word' id='word_1_106' title='bbox 588 2044 668 2107; x_wconf 91' lang='lat' dir='ltr'>laesi</span> <span class='ocrx_word' id='word_1_107' title='bbox 683 2053 825 2106; x_wconf 89' lang='lat' dir='ltr'>testatus</span> <span class='ocrx_word' id='word_1_108' title='bbox 842 2043 988 2106; x_wconf 84' lang='lat' dir='ltr'>foederis</span> <span class='ocrx_word' id='word_1_109' title='bbox 1004 2062 1086 2118; x_wconf 88' lang='lat' dir='ltr'>aras,</span> 
     </span>
    </p>

    <p class='ocr_par' dir='ltr' id='par_1_8' title="bbox 276 2147 1140 2439">
     <span class='ocr_line' id='line_1_18' title="bbox 279 2147 1140 2224; baseline -0.005 -10"><span class='ocrx_word' id='word_1_110' title='bbox 279 2153 349 2215; x_wconf 96' lang='lat' dir='ltr'>Iam</span> <span class='ocrx_word' id='word_1_111' title='bbox 366 2150 501 2213; x_wconf 92' lang='lat' dir='ltr'>tandem</span> <span class='ocrx_word' id='word_1_112' title='bbox 519 2148 645 2211; x_wconf 92' lang='lat' dir='ltr'>invadit</span> <span class='ocrx_word' id='word_1_113' title='bbox 661 2148 797 2224; x_wconf 86' lang='lat' dir='ltr'>medios,</span> <span class='ocrx_word' id='word_1_114' title='bbox 816 2158 850 2210; x_wconf 92' lang='lat' dir='ltr'>et</span> <span class='ocrx_word' id='word_1_115' title='bbox 868 2149 977 2211; x_wconf 89' lang='lat' dir='ltr'>Marte</span> <span class='ocrx_word' id='word_1_116' title='bbox 993 2147 1140 2210; x_wconf 90' lang='lat' dir='ltr'>secundo</span> 
     </span>
     <span class='ocr_line' id='line_1_19' title="bbox 276 2251 1066 2319; baseline -0.008 0"><span class='ocrx_word' id='word_1_117' title='bbox 276 2254 447 2319; x_wconf 90' lang='lat' dir='ltr'>Terribilis</span> <span class='ocrx_word' id='word_1_118' title='bbox 464 2273 597 2316; x_wconf 89' lang='lat' dir='ltr'>saevam</span> <span class='ocrx_word' id='word_1_119' title='bbox 615 2252 706 2315; x_wconf 91' lang='lat' dir='ltr'>nullo</span> <span class='ocrx_word' id='word_1_120' title='bbox 724 2251 914 2314; x_wconf 90' lang='lat' dir='ltr'>discrimine</span> <span class='ocrx_word' id='word_1_121' title='bbox 930 2252 1066 2314; x_wconf 91' lang='lat' dir='ltr'>caedem</span> 
     </span>
     <span class='ocr_line' id='line_1_20' title="bbox 277 2355 1105 2439; baseline -0.007 -16"><span class='ocrx_word' id='word_1_122' title='bbox 277 2359 432 2435; x_wconf 91' lang='lat' dir='ltr'>Suscitat,</span> <span class='ocrx_word' id='word_1_123' title='bbox 450 2358 639 2439; x_wconf 90' lang='lat' dir='ltr'>irarumque</span> <span class='ocrx_word' id='word_1_124' title='bbox 656 2376 772 2418; x_wconf 90' lang='lat' dir='ltr'>omnes</span> <span class='ocrx_word' id='word_1_125' title='bbox 788 2356 932 2418; x_wconf 86' lang='lat' dir='ltr'>effundit</span> <span class='ocrx_word' id='word_1_126' title='bbox 948 2355 1105 2418; x_wconf 86' lang='lat' dir='ltr'>habenas.</span> 
     </span>
    </p>

    <p class='ocr_par' dir='ltr' id='par_1_9' title="bbox 188 2459 1288 2858">
     <span class='ocr_line' id='line_1_21' title="bbox 188 2459 1288 2546; baseline -0.001 -25"><span class='ocrx_word' id='word_1_127' title='bbox 188 2486 236 2539; x_wconf 82' lang='lat'>500</span> <span class='ocrx_word' id='word_1_128' title='bbox 319 2463 403 2546; x_wconf 82' lang='lat' dir='ltr'>Quis</span> <span class='ocrx_word' id='word_1_129' title='bbox 420 2461 501 2524; x_wconf 93' lang='lat' dir='ltr'>mihi</span> <span class='ocrx_word' id='word_1_130' title='bbox 517 2482 605 2524; x_wconf 92' lang='lat' dir='ltr'>nunc</span> <span class='ocrx_word' id='word_1_131' title='bbox 622 2470 673 2524; x_wconf 92' lang='lat' dir='ltr'>tot</span> <span class='ocrx_word' id='word_1_132' title='bbox 688 2460 809 2523; x_wconf 91' lang='lat' dir='ltr'>acerba</span> <span class='ocrx_word' id='word_1_133' title='bbox 821 2460 913 2535; x_wconf 90' lang='lat' dir='ltr'>deus,</span> <span class='ocrx_word' id='word_1_134' title='bbox 928 2459 1001 2543; x_wconf 94' lang='lat' dir='ltr'>quis</span> <span class='ocrx_word' id='word_1_135' title='bbox 1013 2461 1159 2522; x_wconf 90' lang='lat' dir='ltr'>carmine</span> <span class='ocrx_word' id='word_1_136' title='bbox 1172 2459 1288 2521; x_wconf 88' lang='lat' dir='ltr'>caedes</span> 
     </span>
     <span class='ocr_line' id='line_1_22' title="bbox 278 2564 1154 2647; baseline -0.007 -15"><span class='ocrx_word' id='word_1_137' title='bbox 278 2570 446 2642; x_wconf 92' lang='lat' dir='ltr'>Diversas,</span> <span class='ocrx_word' id='word_1_138' title='bbox 465 2564 658 2647; x_wconf 92' lang='lat' dir='ltr'>obitumque</span> <span class='ocrx_word' id='word_1_139' title='bbox 674 2565 806 2640; x_wconf 86' lang='lat' dir='ltr'>ducum,</span> <span class='ocrx_word' id='word_1_140' title='bbox 825 2585 909 2647; x_wconf 92' lang='lat' dir='ltr'>quos</span> <span class='ocrx_word' id='word_1_141' title='bbox 925 2583 1069 2646; x_wconf 88' lang='lat' dir='ltr'>aequore</span> <span class='ocrx_word' id='word_1_142' title='bbox 1085 2573 1154 2627; x_wconf 94' lang='lat' dir='ltr'>toto</span> 
     </span>
     <span class='ocr_line' id='line_1_23' title="bbox 278 2668 1226 2754; baseline -0.006 -19"><span class='ocrx_word' id='word_1_143' title='bbox 278 2674 385 2754; x_wconf 89' lang='lat' dir='ltr'>Inque</span> <span class='ocrx_word' id='word_1_144' title='bbox 400 2671 507 2734; x_wconf 94' lang='lat' dir='ltr'>vicem</span> <span class='ocrx_word' id='word_1_145' title='bbox 525 2690 614 2732; x_wconf 91' lang='lat' dir='ltr'>nunc</span> <span class='ocrx_word' id='word_1_146' title='bbox 632 2670 766 2731; x_wconf 89' lang='lat' dir='ltr'>Turnus</span> <span class='ocrx_word' id='word_1_147' title='bbox 782 2668 860 2749; x_wconf 88' lang='lat' dir='ltr'>agit,</span> <span class='ocrx_word' id='word_1_148' title='bbox 878 2688 966 2730; x_wconf 94' lang='lat' dir='ltr'>nunc</span> <span class='ocrx_word' id='word_1_149' title='bbox 982 2669 1103 2731; x_wconf 88' lang='lat' dir='ltr'>Trolus</span> <span class='ocrx_word' id='word_1_150' title='bbox 1118 2668 1226 2741; x_wconf 94' lang='lat' dir='ltr'>heros,</span> 
     </span>
     <span class='ocr_line' id='line_1_24' title="bbox 277 2771 1106 2858; baseline -0.007 -18"><span class='ocrx_word' id='word_1_151' title='bbox 277 2775 464 2858; x_wconf 77' lang='lat' dir='ltr'>Expediet?</span> <span class='ocrx_word' id='word_1_152' title='bbox 489 2774 631 2836; x_wconf 87' lang='lat' dir='ltr'>Tanton&#39;</span> <span class='ocrx_word' id='word_1_153' title='bbox 651 2771 775 2855; x_wconf 87' lang='lat' dir='ltr'>placuit</span> <span class='ocrx_word' id='word_1_154' title='bbox 791 2791 988 2835; x_wconf 88' lang='lat' dir='ltr'>concurrere</span> <span class='ocrx_word' id='word_1_155' title='bbox 1004 2779 1106 2846; x_wconf 86' lang='lat' dir='ltr'>motu,</span> 
     </span>
    </p>

    <p class='ocr_par' dir='ltr' id='par_1_10' title="bbox 232 2875 1046 2962">
     <span class='ocr_line' id='line_1_25' title="bbox 232 2875 1046 2962; baseline -0.007 -20"><span class='ocrx_word' id='word_1_156' title='bbox 232 2883 238 2895; x_wconf 91' lang='lat'>&#39;</span> <span class='ocrx_word' id='word_1_157' title='bbox 277 2879 438 2962; x_wconf 89' lang='lat' dir='ltr'>Iuppiter,</span> <span class='ocrx_word' id='word_1_158' title='bbox 456 2887 592 2956; x_wconf 89' lang='lat' dir='ltr'>aeterna</span> <span class='ocrx_word' id='word_1_159' title='bbox 608 2886 727 2958; x_wconf 89' lang='lat' dir='ltr'>gentes</span> <span class='ocrx_word' id='word_1_160' title='bbox 744 2876 777 2938; x_wconf 92' lang='lat' dir='ltr'>in</span> <span class='ocrx_word' id='word_1_161' title='bbox 794 2894 877 2957; x_wconf 91' lang='lat' dir='ltr'>pace</span> <span class='ocrx_word' id='word_1_162' title='bbox 893 2875 1046 2937; x_wconf 86' lang='lat' dir='ltr'>futuras?</span> 
     </span>
    </p>

    <p class='ocr_par' dir='ltr' id='par_1_11' title="bbox 188 2978 1262 3374">
     <span class='ocr_line' id='line_1_26' title="bbox 188 2978 1186 3060; baseline -0.007 -12"><span class='ocrx_word' id='word_1_163' title='bbox 188 3003 234 3056; x_wconf 80' lang='lat'>505</span> <span class='ocrx_word' id='word_1_164' title='bbox 273 2984 409 3047; x_wconf 89' lang='lat' dir='ltr'>Aeneas</span> <span class='ocrx_word' id='word_1_165' title='bbox 428 2982 589 3044; x_wconf 89' lang='lat' dir='ltr'>Rutulum</span> <span class='ocrx_word' id='word_1_166' title='bbox 608 2980 802 3055; x_wconf 88' lang='lat' dir='ltr'>Sucronem,</span> <span class='ocrx_word' id='word_1_167' title='bbox 816 2999 910 3041; x_wconf 90' lang='lat' dir='ltr'>—ea</span> <span class='ocrx_word' id='word_1_168' title='bbox 925 2978 1032 3060; x_wconf 90' lang='lat' dir='ltr'>prima</span> <span class='ocrx_word' id='word_1_169' title='bbox 1053 2988 1186 3043; x_wconf 92' lang='lat' dir='ltr'>ruentes</span> 
     </span>
     <span class='ocr_line' id='line_1_27' title="bbox 277 3082 1262 3168; baseline -0.005 -18"><span class='ocrx_word' id='word_1_170' title='bbox 277 3089 393 3168; x_wconf 91' lang='lat' dir='ltr'>Pugna</span> <span class='ocrx_word' id='word_1_171' title='bbox 408 3085 480 3148; x_wconf 95' lang='lat' dir='ltr'>loco</span> <span class='ocrx_word' id='word_1_172' title='bbox 498 3084 613 3147; x_wconf 88' lang='lat' dir='ltr'>statuit</span> <span class='ocrx_word' id='word_1_173' title='bbox 630 3085 778 3146; x_wconf 89' lang='lat' dir='ltr'>Teucros</span> <span class='ocrx_word' id='word_1_174' title='bbox 791 3083 933 3146; x_wconf 94' lang='lat' dir='ltr'>—haud</span> <span class='ocrx_word' id='word_1_175' title='bbox 951 3082 1055 3146; x_wconf 92' lang='lat' dir='ltr'>multa</span> <span class='ocrx_word' id='word_1_176' title='bbox 1071 3092 1262 3156; x_wconf 89' lang='lat' dir='ltr'>morantem,</span> 
     </span>
     <span class='ocr_line' id='line_1_28' title="bbox 277 3186 1146 3272; baseline -0.007 -18"><span class='ocrx_word' id='word_1_177' title='bbox 277 3190 408 3272; x_wconf 89' lang='lat' dir='ltr'>Excipit</span> <span class='ocrx_word' id='word_1_178' title='bbox 424 3190 457 3251; x_wconf 91' lang='lat' dir='ltr'>in</span> <span class='ocrx_word' id='word_1_179' title='bbox 474 3188 561 3251; x_wconf 90' lang='lat' dir='ltr'>latus</span> <span class='ocrx_word' id='word_1_180' title='bbox 579 3198 621 3264; x_wconf 91' lang='lat' dir='ltr'>et,</span> <span class='ocrx_word' id='word_1_181' title='bbox 640 3209 705 3270; x_wconf 92' lang='lat' dir='ltr'>qua</span> <span class='ocrx_word' id='word_1_182' title='bbox 723 3188 793 3250; x_wconf 83' lang='lat' dir='ltr'>lata</span> <span class='ocrx_word' id='word_1_183' title='bbox 809 3186 989 3263; x_wconf 89' lang='lat' dir='ltr'>celerrima,</span> <span class='ocrx_word' id='word_1_184' title='bbox 1008 3186 1146 3250; x_wconf 91' lang='lat' dir='ltr'>crudum</span> 
     </span>
     <span class='ocr_line' id='line_1_29' title="bbox 275 3292 1091 3374; baseline -0.004 -18"><span class='ocrx_word' id='word_1_185' title='bbox 275 3293 491 3374; x_wconf 89' lang='lat' dir='ltr'>Transadigit</span> <span class='ocrx_word' id='word_1_186' title='bbox 507 3302 616 3356; x_wconf 89' lang='lat' dir='ltr'>costas</span> <span class='ocrx_word' id='word_1_187' title='bbox 632 3302 667 3355; x_wconf 88' lang='lat' dir='ltr'>et</span> <span class='ocrx_word' id='word_1_188' title='bbox 682 3302 790 3354; x_wconf 90' lang='lat' dir='ltr'>crates</span> <span class='ocrx_word' id='word_1_189' title='bbox 807 3292 950 3373; x_wconf 89' lang='lat' dir='ltr'>pectoris</span> <span class='ocrx_word' id='word_1_190' title='bbox 967 3311 1091 3355; x_wconf 88' lang='lat' dir='ltr'>ensem.</span> 
     </span>
    </p>

    <p class='ocr_par' dir='ltr' id='par_1_12' title="bbox 275 3393 1268 3480">
     <span class='ocr_line' id='line_1_30' title="bbox 275 3393 1268 3480; baseline -0.006 -20"><span class='ocrx_word' id='word_1_191' title='bbox 275 3399 409 3460; x_wconf 94' lang='lat' dir='ltr'>Turnus</span> <span class='ocrx_word' id='word_1_192' title='bbox 426 3417 513 3478; x_wconf 90' lang='lat' dir='ltr'>equo</span> <span class='ocrx_word' id='word_1_193' title='bbox 531 3397 697 3459; x_wconf 90' lang='lat' dir='ltr'>deiectum</span> <span class='ocrx_word' id='word_1_194' title='bbox 714 3396 883 3480; x_wconf 89' lang='lat' dir='ltr'>Amycum</span> <span class='ocrx_word' id='word_1_195' title='bbox 901 3395 1105 3477; x_wconf 73' lang='lat' dir='ltr'>fratremque</span> <span class='ocrx_word' id='word_1_196' title='bbox 1124 3393 1268 3467; x_wconf 89' lang='lat' dir='ltr'>Diorem,</span> 
     </span>
    </p>

    <p class='ocr_par' dir='ltr' id='par_1_13' title="bbox 188 3498 1209 3789">
     <span class='ocr_line' id='line_1_31' title="bbox 188 3498 1209 3583; baseline 0 -25"><span class='ocrx_word' id='word_1_197' title='bbox 188 3522 237 3575; x_wconf 82' lang='lat'>510</span> <span class='ocrx_word' id='word_1_198' title='bbox 274 3501 484 3583; x_wconf 91' lang='lat' dir='ltr'>Congressus</span> <span class='ocrx_word' id='word_1_199' title='bbox 502 3501 614 3582; x_wconf 88' lang='lat' dir='ltr'>pedes,</span> <span class='ocrx_word' id='word_1_200' title='bbox 634 3500 722 3562; x_wconf 91' lang='lat' dir='ltr'>hunc</span> <span class='ocrx_word' id='word_1_201' title='bbox 738 3499 929 3562; x_wconf 91' lang='lat' dir='ltr'>venientem</span> <span class='ocrx_word' id='word_1_202' title='bbox 947 3498 1085 3580; x_wconf 90' lang='lat' dir='ltr'>cuspide</span> <span class='ocrx_word' id='word_1_203' title='bbox 1101 3499 1209 3578; x_wconf 91' lang='lat' dir='ltr'>longa,</span> 
     </span>
     <span class='ocr_line' id='line_1_32' title="bbox 279 3603 1131 3685; baseline -0.005 -17"><span class='ocrx_word' id='word_1_204' title='bbox 279 3606 380 3668; x_wconf 91' lang='lat' dir='ltr'>Hunc</span> <span class='ocrx_word' id='word_1_205' title='bbox 398 3623 555 3667; x_wconf 92' lang='lat' dir='ltr'>mucrone</span> <span class='ocrx_word' id='word_1_206' title='bbox 572 3603 650 3666; x_wconf 87' lang='lat' dir='ltr'>ferit</span> <span class='ocrx_word' id='word_1_207' title='bbox 666 3623 831 3685; x_wconf 90' lang='lat' dir='ltr'>curruque</span> <span class='ocrx_word' id='word_1_208' title='bbox 847 3603 976 3666; x_wconf 89' lang='lat' dir='ltr'>abscisa</span> <span class='ocrx_word' id='word_1_209' title='bbox 992 3603 1131 3666; x_wconf 92' lang='lat' dir='ltr'>duorum</span> 
     </span>
     <span class='ocr_line' id='line_1_33' title="bbox 278 3706 1123 3789; baseline -0.004 -18"><span class='ocrx_word' id='word_1_210' title='bbox 278 3708 460 3789; x_wconf 91' lang='lat' dir='ltr'>Suspendit</span> <span class='ocrx_word' id='word_1_211' title='bbox 476 3707 596 3788; x_wconf 90' lang='lat' dir='ltr'>capita,</span> <span class='ocrx_word' id='word_1_212' title='bbox 614 3716 648 3769; x_wconf 92' lang='lat' dir='ltr'>et</span> <span class='ocrx_word' id='word_1_213' title='bbox 664 3707 809 3770; x_wconf 91' lang='lat' dir='ltr'>rorantia</span> <span class='ocrx_word' id='word_1_214' title='bbox 825 3706 988 3788; x_wconf 88' lang='lat' dir='ltr'>sanguine</span> <span class='ocrx_word' id='word_1_215' title='bbox 1004 3716 1123 3788; x_wconf 92' lang='lat' dir='ltr'>portat.</span> 
     </span>
    </p>

    <p class='ocr_par' dir='ltr' id='par_1_14' title="bbox 324 3809 1241 3893">
     <span class='ocr_line' id='line_1_34' title="bbox 324 3809 1241 3893; baseline 0 -21"><span class='ocrx_word' id='word_1_216' title='bbox 324 3810 384 3873; x_wconf 94' lang='lat' dir='ltr'>Ille</span> <span class='ocrx_word' id='word_1_217' title='bbox 400 3811 508 3874; x_wconf 92' lang='lat' dir='ltr'>Talon</span> <span class='ocrx_word' id='word_1_218' title='bbox 525 3811 733 3893; x_wconf 91' lang='lat' dir='ltr'>Tanaimque</span> <span class='ocrx_word' id='word_1_219' title='bbox 748 3810 823 3874; x_wconf 93' lang='lat' dir='ltr'>neci</span> <span class='ocrx_word' id='word_1_220' title='bbox 839 3811 1025 3893; x_wconf 75' lang='lat' dir='ltr'>sortemque</span> <span class='ocrx_word' id='word_1_221' title='bbox 1043 3809 1241 3891; x_wconf 86' lang='lat' dir='ltr'>Cethegum,</span> 
     </span>
    </p>
   </div>
   <div class='ocr_carea' id='block_1_3' title="bbox 0 0 1412 4282">
    <p class='ocr_par' dir='ltr' id='par_1_15' title="bbox 0 0 1412 4282">
     <span class='ocr_line' id='line_1_35' title="bbox 0 0 1412 4282; baseline 0 2"><span class='ocrx_word' id='word_1_222' title='bbox 0 0 1412 4282; x_wconf 95' lang='lat' dir='ltr'> </span> 
     </span>
    </p>
   </div>
  </div>
 </body>
</html>
