2796 4282
209 333 269 379 110
559 320 718 374 VERGlLl
745 319 944 373 AENEIDOS

335 501 473 564 Talibus
491 510 639 563 orantem
656 501 752 564 dictis
769 520 910 583 arasque
926 510 1096 564 tenentem

206 635 252 670 220
293 606 410 669 Audiit
425 605 647 687 omnipotens
665 604 845 686 oculosque
862 606 904 673 ad
922 606 1052 668 moenia
1067 607 1165 670 torsit

294 710 401 792 Regia
417 719 450 773 et
467 710 585 773 oblitos
603 710 714 771 famae
731 709 874 772 melioris
895 719 1054 773 amantes.

292 816 378 878 Tum
396 816 442 878 sic
461 815 663 877 Mercurium
681 814 869 895 adloquitur
885 834 923 876 ac
939 814 1018 877 talia
1035 816 1191 879 mandat:

294 919 417 983 “Vade
434 938 505 999 age,
524 928 609 993 nate,
627 937 710 980 voca
728 919 901 1002 Zephyros
918 927 951 981 et
967 919 1077 982 labere
1094 921 1226 1002 pennis,

294 1024 567 1104 Dardaniumque
584 1023 712 1099 ducem,
731 1023 832 1106 Tyria
851 1023 1060 1105 Karthagine
1077 1025 1135 1107 qui
1151 1045 1240 1088 nunc

206 1155 251 1206 225
294 1129 483 1210 Exspectat,
503 1116 647 1208 fatisque
664 1127 758 1190 datas
775 1148 841 1189 non
859 1127 993 1210 respicit
1009 1128 1118 1204 urbes

293 1233 486 1314 Adloquere
503 1241 536 1294 et
553 1232 677 1294 celeres
694 1231 789 1294 defer
806 1252 879 1295 mea
895 1233 983 1296 dicta
1000 1253 1059 1314 per
1076 1254 1184 1297 auras.

293 1338 370 1400 Non
388 1338 479 1399 illum
496 1337 590 1399 nobis
607 1337 756 1418 genetrix
773 1337 995 1418 pulcherrima
1011 1338 1111 1400 talem

293 1442 445 1505 Promisit
462 1436 664 1522 Graiumque
682 1441 756 1504 ideo
773 1441 823 1505 bis
838 1441 985 1505 vindicat
1002 1442 1120 1518 armis;

293 1546 360 1611 Sed
377 1547 458 1622 fore,
476 1548 532 1627 qui
548 1546 720 1626 gravidam
736 1546 882 1628 imperiis
898 1547 1051 1628 belloque
1069 1548 1267 1610 frementem

205 1677 251 1728 230
293 1650 423 1713 Italiam
440 1659 579 1731 regeret,
597 1670 703 1731 genus
720 1651 787 1713 alto
804 1671 823 1712 a
840 1651 1002 1732 sanguine
1018 1653 1139 1714 Teucri

293 1755 459 1829 Proderet‚
477 1775 515 1817 ac
532 1763 637 1816 totum
655 1753 716 1816 sub
733 1755 825 1835 leges
842 1755 988 1817 mitteret
1003 1755 1126 1818 orbem.

292 1859 328 1922 Si
344 1859 434 1920 nulla
451 1859 602 1921 accendit
618 1868 785 1921 tantarum
802 1859 906 1940 gloria
922 1879 1032 1922 rerum

294 1964 365 2025 Nec
383 1983 483 2045 super
499 1963 570 2044 ipse
588 1983 647 2025 sua
664 1963 797 2025 molitur
813 1964 911 2026 laude
928 1963 1083 2038 laborem,

292 2067 483 2130 Ascanione
501 2076 595 2148 pater
613 2069 783 2129 Romanas
799 2067 924 2130 invidet
940 2068 1056 2131 arces?

205 2197 250 2249 235
293 2172 383 2253 Quid
400 2172 518 2234 struit?
542 2182 599 2234 aut
616 2192 681 2253 qua
698 2191 767 2252 spe,
785 2171 918 2234 inimica
933 2174 967 2235 in
984 2182 1094 2254 gente,
1112 2183 1269 2248 moratur,

294 2277 365 2338 Nec
383 2276 509 2357 prolem
526 2276 711 2338 Ausoniam
730 2285 762 2338 et
781 2276 920 2338 Lavinia
936 2276 1071 2358 respicit
1086 2278 1189 2340 arva?

294 2381 456 2461 Naviget:
482 2381 562 2442 haec
579 2400 708 2442 summa
725 2389 793 2456 est;
819 2380 871 2443 hic
889 2381 994 2444 nostri
1010 2381 1144 2444 nuntius
1161 2381 1264 2444 esto.”

271 2487 273 2492 '
337 2486 480 2547 Dixerat.
531 2485 592 2547 Ille
608 2485 711 2566 patris
729 2485 842 2565 magni
859 2504 974 2566 parere
991 2485 1130 2567 parabat

293 2588 455 2670 Imperio;
481 2597 514 2651 et
531 2590 674 2670 primum
692 2588 833 2670 pedibus
851 2589 968 2651 talaria
984 2589 1087 2652 nectit

205 2719 251 2766 240
291 2693 415 2766 Aurea,
434 2712 519 2774 quae
537 2693 710 2755 sublimem
728 2694 788 2756 alis
806 2695 874 2756 sive
891 2713 1036 2775 aequora
1053 2715 1154 2776 supra

291 2797 357 2875 Seu
374 2805 495 2859 terram
512 2797 628 2878 rapido
644 2797 768 2879 pariter
783 2818 858 2861 cum
875 2798 1008 2861 flamine
1025 2809 1167 2879 portant.

291 2902 377 2963 Tum
393 2902 520 2981 virgam
537 2901 644 2983 capit;
671 2903 733 2964 hac
750 2902 878 2965 animas
893 2903 949 2964 ille
966 2912 1082 2966 evocat
1099 2903 1188 2966 Orco

293 3005 465 3079 Pallentes
484 3005 565 3068 alias
583 3006 643 3068 sub
661 3007 802 3068 Tartara
818 3006 924 3068 tristia
941 3005 1048 3082 mittit,

293 3109 360 3170 Dat
377 3129 510 3171 somnos
528 3109 718 3191 adimitque,
736 3119 769 3172 et
786 3111 911 3172 lumina
927 3119 1033 3172 morte
1050 3109 1205 3192 resignat.

204 3236 249 3288 ²45
293 3212 355 3273 Illa
371 3213 477 3275 fretus
494 3214 563 3294 agit
579 3223 705 3288 ventos,
723 3223 755 3276 et
771 3214 902 3276 turbida
918 3224 1029 3276 tranat

292 3316 425 3379 Nubila.
482 3319 621 3399 Iamque
637 3319 753 3380 volans
770 3320 897 3400 apicem
915 3329 948 3382 et
965 3321 1068 3383 latera
1084 3319 1188 3382 ardua
1204 3321 1304 3384 cernit

289 3421 436 3484 Atlantis
453 3421 535 3497 duri,
554 3423 681 3485 caelum
699 3424 756 3505 qui
772 3423 893 3488 vertice
910 3425 1015 3501 fulcit,

289 3525 445 3600 Atlantis
464 3526 608 3588 cinctum
625 3527 761 3590 adsidue
778 3527 831 3590 cui
846 3528 990 3594 nubibus
1007 3531 1086 3592 atris

291 3628 471 3691 Piniferum
489 3640 589 3711 caput
604 3640 637 3693 et
653 3642 752 3694 vento
770 3634 921 3714 pulsatur
937 3643 970 3698 et
985 3634 1082 3697 imbri
1095 3654 1100 3708 ;

203 3757 249 3810 250
292 3733 357 3794 Nix
375 3754 504 3795 umeros
521 3733 632 3797 infusa
647 3736 748 3816 tegit;
773 3747 843 3799 tum
860 3739 997 3802 flumina
1012 3748 1124 3802 mento

292 3836 513 3917 Praecipitant
531 3838 627 3913 senis,
645 3850 677 3902 et
694 3841 799 3920 glacie
816 3842 901 3923 riget
917 3844 1050 3906 horrida
1067 3843 1179 3910 barba.
