2800 4286
171 258 235 319 216

171 884 219 932 290

529 262 687 315 VERGlLl
715 263 912 316 AENEIDOS

261 441 415 522 Populeis
431 441 554 504 adsunt
570 441 691 504 evincti
707 451 857 523 tempora
874 443 982 519 ramis,

260 545 326 608 Hic
343 547 499 608 iuvenum
516 546 646 620 chorus
666 545 720 610 ille
737 567 872 622 senum;
897 548 954 630 qui
969 551 1119 612 carmine
1137 551 1256 614 laudes

260 650 445 713 Herculeas
461 659 494 712 et
510 633 600 712 iacta
616 650 747 712 terunt:
773 661 809 713 ut
826 652 933 731 prima
949 672 1115 716 novercae

260 756 412 818 Monstra
428 775 530 817 manu
545 754 763 837 geminosque
780 776 937 837 premens
954 757 1078 820 eliserit
1095 779 1232 840 angues,

258 862 306 925 Ut
322 860 410 923 bello
426 861 579 940 egregias
596 859 683 922 idem
702 859 866 923 disiecerit
882 862 989 938 urbes

257 965 458 1046 Troiamque
476 963 748 1046 Oechaliamque,
767 974 802 1027 ut
819 966 919 1028 duros
935 967 1024 1030 mille
1040 968 1175 1032 labores

260 1071 354 1150 Rege
371 1069 432 1132 sub
450 1070 648 1154 Eurystheo,
668 1070 747 1133 iatis
765 1071 903 1133 lunonis
919 1071 1061 1154 iniquae,

258 1173 440 1237 Pertulerit.
490 1176 571 1237 “Tu
588 1175 782 1255 nubigenas,
800 1175 931 1251 invicte,
950 1175 1161 1252 bimembres

258 1278 494 1362 Hylaeumque
512 1279 727 1361 Pholumque,
747 1300 856 1355 manu,
874 1290 910 1342 tu
927 1281 1041 1344 Cresia
1058 1291 1187 1344 mactas

257 1382 410 1464 Prodigia
427 1393 460 1446 et
475 1394 606 1446 vastum
626 1385 773 1446 Nemeae
790 1383 851 1447 sub
867 1405 951 1464 rupe
967 1385 1107 1447 leonem.

256 1488 307 1550 Te
324 1487 433 1571 Stygii
450 1497 615 1550 tremuere
632 1488 733 1563 lacuS,
750 1497 783 1550 te
800 1487 918 1550 ianitor
935 1489 1015 1552 Orci

257 1591 345 1655 Ossa
362 1611 462 1672 super
477 1591 641 1654 recubans
658 1602 753 1654 antro
770 1613 899 1654 semesa
915 1602 1070 1669 cruento;

258 1696 329 1759 Nec
346 1704 379 1758 te
396 1696 482 1759 ullae
499 1695 614 1771 facies
632 1717 699 1758 non
716 1695 832 1759 terruit
848 1697 919 1777 ipse
936 1698 1131 1781 Typhoeus

256 1800 393 1861 Arduus
409 1820 502 1861 arma
517 1809 653 1876 tenens;
679 1821 746 1862 non
761 1810 794 1862 te
810 1800 947 1862 rationis
963 1811 1117 1881 egentem

257 1903 429 1966 Lernaeus
445 1903 542 1965 turba
558 1905 705 1984 capitum
723 1904 940 1966 circumstetit
957 1905 1085 1986 anguis.

257 2008 365 2082 Salve,
383 2027 462 2070 vera
479 2009 569 2070 lovis
586 2008 705 2090 proles
724 2009 825 2070 decus
841 2008 952 2071 addite
968 2009 1060 2083 divis,

257 2112 301 2174 Et
316 2131 377 2173 nos
393 2121 427 2174 et
442 2121 499 2174 tua
516 2112 630 2174 dexter
646 2111 701 2174 adi
717 2112 802 2194 pede
820 2132 913 2175 sacra
930 2113 1107 2176 secund0.’'

255 2215 351 2278 Talia
367 2216 567 2278 carminibus
584 2216 771 2292 celebrant;
797 2236 897 2297 super
913 2217 1024 2279 onmia
1040 2218 1137 2302 Caci¹

256 2319 458 2401 Speluncam
476 2320 631 2395 adiciunt,
650 2319 897 2402 spirantemque
914 2317 1048 2401 ignibus
1065 2321 1185 2403 ipsum.

256 2423 426 2488 Consonat
442 2444 541 2486 omne
557 2444 675 2486 nemus
692 2424 840 2504 strepitu,
860 2424 1026 2506 collesque
1039 2425 1212 2488 resultant.

300 2528 386 2590 Exin
403 2548 438 2591 se
455 2527 565 2590 cuncti
583 2527 701 2590 divinis
718 2527 817 2590 rebus
834 2528 876 2589 ad
893 2527 1007 2590 urbem

256 2632 417 2694 Perfectis
433 2632 591 2694 referunt.
641 2632 717 2694 Ibat
733 2652 790 2694 rex
806 2631 932 2694 obsitus
949 2652 1041 2708 aevo,

257 2737 300 2799 Et
315 2736 469 2799 comitem
487 2738 629 2800 Aenean
645 2736 736 2799 iuxta
753 2746 933 2817 natumque
949 2737 1084 2799 tenebat

256 2841 464 2922 Ingrediens,
482 2841 639 2923 varioque
656 2841 743 2903 viam
761 2861 915 2903 sermone
931 2841 1070 2903 levabat.

258 2945 400 3007 Miratur
416 2945 598 3027 facilesque
617 2947 730 3008 oculos
746 2945 812 3007 fert
828 2946 940 3006 omnia
956 2944 1078 3007 circum

255 3050 400 3124 Aeneas
418 3050 613 3131 capiturque
630 3051 719 3124 locis
736 3059 769 3112 et
785 3049 915 3130 singula
933 3049 1039 3111 laetus

257 3154 473 3235 Exquiritque
490 3154 647 3236 auditque
663 3155 770 3216 virum
787 3170 1003 3215 monumenta
1024 3153 1181 3234 priorum.

298 3258 384 3320 Tum
402 3278 459 3320 rex
477 3258 654 3321 Euandrus
673 3260 845 3320 Romanae
862 3257 1015 3320 conditor
1034 3259 1137 3319 arcis:

257 3363 379 3424 “Haec
396 3382 532 3425 nemora
548 3362 724 3443 indigenae
735 3363 841 3424 Fauni
854 3362 1100 3446 Nymphaeque
1110 3362 1270 3425 tenebant

255 3467 413 3548 Gensque
429 3466 536 3528 virum
552 3467 677 3529 truncis
694 3477 726 3529 et
742 3468 825 3529 duro
842 3468 958 3530 robore
975 3476 1063 3542 nata,

256 3573 340 3654 Quis
357 3591 466 3653 neque
482 3592 553 3634 mos
571 3592 678 3654 neque
695 3572 802 3634 cultus
818 3581 898 3646 erat,
913 3592 974 3635 nec
992 3571 1129 3652 iungere
1146 3581 1269 3646 tauros

256 3677 328 3739 Aut
344 3696 544 3755 componere
561 3696 642 3757 opes
659 3686 786 3749 norant,
805 3686 862 3737 aut
878 3696 1014 3756 parcere
1031 3686 1136 3756 parto

257 3779 325 3846 Sed
341 3778 423 3841 rami
439 3787 538 3861 atque
554 3799 652 3860 asper
669 3779 757 3842 victu
774 3789 913 3842 venatus
931 3779 1048 3844 alebat.
1151 3781 1157 3792 '
