2800 4286
478 316 593 368 LIBER
619 316 814 368 SEPTIMUS
1136 327 1197 390 203

182 497 317 563 Claudia
334 517 427 560 nunc
445 517 465 558 a
481 517 547 578 quo
564 495 762 559 diffunditur
779 505 813 559 et
824 495 929 560 tribus
945 506 979 560 et
995 516 1078 578 gens

183 604 240 665 Per
262 601 410 675 Latium,
429 609 605 682 postquam
627 601 660 661 in
681 609 809 680 partem
829 599 907 664 data
926 602 1033 664 Roma
1054 601 1195 666 Sabinis,

108 731 148 782 710
183 709 257 772 Una
272 707 397 787 ingens
414 704 592 767 Amiterna
607 705 727 766 cohors
744 703 910 786 priscique
927 704 1083 786 Quirites,

183 812 271 874 Ereti
287 830 411 872 manus
428 809 535 871 omnis
552 807 788 890 oliviferaeque
806 809 998 886 Mutuscae;

182 915 246 998 Qui
264 916 474 977 Nomentum
491 912 615 987 urbem,
634 914 690 995 qui
709 914 820 976 Rosea
836 933 912 975 rura
928 915 1047 990 Velini,

182 1020 247 1102 Qui
262 1019 420 1082 Tetricae
437 1017 600 1080 horrentis
618 1037 717 1098 rupes
735 1027 949 1099 montemque
966 1018 1126 1081 Severum

183 1123 446 1206 Casperiamque
462 1123 574 1186 colunt
592 1123 796 1204 Forulosque
815 1131 848 1185 et
868 1119 992 1185 flumen
1009 1123 1195 1197 Himellae;

108 1251 146 1305 ⁷¹5
182 1229 247 1310 Qui
262 1227 414 1290 Tiberim
433 1227 655 1309 Fabarimque
672 1227 798 1303 bibunt,
817 1247 900 1309 quos
917 1225 1039 1308 frigida
1054 1226 1143 1289 misit

185 1332 315 1408 Nursia,
332 1341 368 1394 et
384 1331 525 1396 Ortinae
541 1332 664 1394 classes
682 1331 861 1413 populique
879 1330 1000 1407 Latini,

183 1438 344 1518 Quosque
362 1455 482 1498 secans
498 1435 680 1497 infaustum
698 1434 843 1498 interluit
860 1435 949 1498 Allia
965 1455 1096 1512 nomen,

183 1542 291 1624 Quam
309 1542 406 1603 multi
424 1540 550 1624 Libyco
566 1541 744 1604 volvuntur
761 1561 922 1604 marmore
939 1541 1068 1616 fluctus

183 1647 310 1710 Saevus
327 1645 386 1708 ubi
403 1645 507 1708 Orion
525 1644 670 1708 hibernis
687 1644 838 1708 conditur
855 1645 969 1722 undis3

107 1773 148 1824 720
181 1752 243 1814 Vel
259 1771 338 1813 cum
355 1749 425 1812 sole
443 1769 531 1812 novo
544 1748 668 1812 densae
685 1757 851 1812 torrentur
867 1751 997 1824 aristae,

183 1856 252 1917 Aut
269 1853 393 1917 Hermi
407 1873 535 1934 campo,
554 1862 612 1915 aut
630 1853 754 1936 Lyciae
770 1852 967 1916 flaventibus
985 1853 1081 1916 arvis,

183 1961 284 2024 Scuta
300 1967 432 2034 sonant,
451 1957 614 2038 pulsuque
631 1957 753 2038 pedum
770 1957 947 2021 conterrita
964 1957 1069 2020 tellus.

224 2064 316 2125 Hinc
334 2061 633 2142 Agamemnonius
651 2061 787 2123 Troiani
802 2060 945 2124 nominis
962 2060 1075 2136 hostiS,

183 2169 288 2231 Curru
305 2165 414 2246 iungit
431 2166 599 2228 Halaesus
616 2186 729 2247 equoS,
747 2166 928 2247 Turnoque
945 2165 1073 2228 feroces

107 2293 145 2346 725
183 2272 276 2334 Mille
293 2270 382 2352 rapit
399 2270 549 2351 populos,
568 2279 702 2333 vertunt
718 2269 828 2333 felicia
846 2269 978 2332 Baccho

183 2377 330 2438 Massica
346 2374 403 2456 qui
419 2373 542 2449 rastris
560 2383 593 2437 et
609 2394 693 2456 quos
711 2373 752 2436 de
768 2372 906 2436 collibus
923 2373 997 2437 altis

182 2479 335 2542 Aurunci
352 2479 472 2540 misere
489 2489 599 2560 patres
617 2478 829 2560 Sidicinaque
846 2477 935 2540 iuxta

182 2585 351 2665 Aequora,
369 2583 492 2664 quique
510 2582 608 2646 Cales
626 2582 788 2664 linquunt,
806 2581 979 2664 amnisque
995 2582 1110 2644 vadosi

181 2688 311 2751 Accola
328 2687 493 2762 Vulturni,
512 2686 701 2768 pariterque
719 2685 885 2750 Saticulus
902 2705 1000 2767 asper

107 2777 146 2865 730
182 2791 415 2872 Oscorumque
432 2811 558 2854 manus.
606 2791 744 2853 Teretes
761 2800 839 2853 sunt
854 2790 989 2874 aclydes
1004 2789 1068 2853 illis

182 2897 284 2970 Tela;
310 2895 369 2958 sed
386 2895 468 2957 haec
486 2895 575 2958 lento
592 2915 663 2958 mos
679 2904 730 2958 est
746 2905 861 2977 aptare
877 2894 1018 2975 flagello.
1134 2980 1136 2984 .

184 3000 316 3062 Laevas
333 3008 446 3062 caetra
460 2999 552 3080 tegit,
570 2998 685 3062 falcati
700 3001 885 3062 comminus
902 3018 1008 3061 enses

229 3105 301 3167 Nec
317 3113 354 3165 tu
370 3103 571 3166 carminibus
588 3103 708 3166 nostris
726 3103 869 3166 indictus
886 3102 1000 3178 abibis,

184 3208 323 3283 Oebale,
341 3227 440 3289 quem
456 3227 636 3288 generasse
652 3207 760 3271 Telon
778 3207 958 3272 Sebethide
976 3207 1123 3291 nympha

106 3334 146 3388 7³5
184 3313 314 3387 Fertur,
332 3312 516 3374 Teleboum
535 3313 683 3393 Capreas
699 3333 773 3375 cum
792 3331 895 3392 regna
912 3319 1047 3386 teneret,

186 3417 258 3479 Iam
275 3416 403 3492 senior;
429 3416 543 3497 patriis
560 3416 618 3479 sed
636 3436 701 3479 non
718 3426 751 3480 et
768 3416 854 3478 filius
870 3415 957 3478 arvis

184 3522 372 3584 Contentus
389 3521 454 3583 late
470 3522 536 3583 iam
552 3531 623 3584 tum
641 3520 771 3584 dicione
789 3519 961 3602 premebat

186 3625 357 3689 Sarrastes
374 3625 516 3706 populos
533 3634 566 3687 et
582 3644 667 3706 quae
685 3624 771 3705 rigat
787 3643 931 3705 aequora
949 3624 1083 3698 Sarnus

186 3729 320 3812 Quique
338 3728 464 3791 Rufras
482 3728 705 3810 Batulumque
724 3736 840 3790 tenent
859 3737 958 3810 atque
978 3747 1056 3790 arva
1076 3725 1202 3791 Celem-

274 3853 347 3908 nae,
